
@article{thagard_why_2009,
	title = {Why {Cognitive} {Science} {Needs} {Philosophy} and {Vice} {Versa}},
	volume = {1},
	issn = {17568757, 17568765},
	url = {https://onlinelibrary.wiley.com/doi/10.1111/j.1756-8765.2009.01016.x},
	doi = {10.1111/j.1756-8765.2009.01016.x},
	language = {en},
	number = {2},
	urldate = {2021-11-10},
	journal = {Topics in Cognitive Science},
	author = {Thagard, Paul},
	month = apr,
	year = {2009},
	pages = {237--254},
}

@article{beisbart_making_2015,
	title = {Making {Reflective} {Equilibrium} {Precise}. {A} {Formal} {Model}},
	journal = {Ergo},
	author = {Beisbart, Claus and Betz, Gregor and Brun, Georg},
	year = {2015},
}

@book{Betz2012-BETDDH,
	title = {Debate dynamics: {How} controversy improves our beliefs},
	publisher = {Springer},
	author = {Betz, Gregor},
	year = {2012},
}

@book{Betz2010-BETTDS,
	title = {Theorie dialektischer strukturen},
	publisher = {Klostermann},
	author = {Betz, Gregor},
	year = {2010},
}

@article{Baumberger2020-BAUREA-2,
	title = {Reflective equilibrium and understanding},
	volume = {198},
	doi = {10.1007/s11229-020-02556-9},
	number = {8},
	journal = {Synthese. An International Journal for Epistemology, Methodology and Philosophy of Science},
	author = {Baumberger, Christoph and Brun, Georg},
	year = {2020},
	note = {Publisher: Springer Verlag},
	pages = {7923--7947},
}

@incollection{Baumberger2017-BAUDOO-3,
	title = {Dimensions of objectual understanding},
	booktitle = {Explaining understanding: {New} perspectives from epistemology and philosophy of science},
	publisher = {Routledge},
	author = {Baumberger, Christoph and Brun, Georg},
	editor = {Baumberger, Stephen Grimm Christoph and Ammon, Sabine},
	year = {2017},
	pages = {165--189},
}

@article{brun_reflective_2014,
	title = {Reflective {Equilibrium} {Without} {Intuitions}?},
	volume = {17},
	issn = {1572-8447},
	url = {https://doi.org/10.1007/s10677-013-9432-5},
	doi = {10.1007/s10677-013-9432-5},
	abstract = {In moral epistemology, the method of reflective equilibrium is often characterized in terms of intuitions or understood as a method for justifying intuitions. An analysis of reflective equilibrium and current theories of moral intuitions reveals that this picture is problematic. Reflective equilibrium cannot be adequately characterized in terms of intuitions. Although the method presupposes that we have initially credible commitments, it does not presuppose that they are intuitions. Nonetheless, intuitions can enter the process of developing a reflective equilibrium and, if the process is successful, be justified. Since the method of reflective equilibrium does not essentially involve intuitions, it does not constitute a form of intuitionism in any substantial sense. It may be classified as intuitionist only in the minimal sense of not reducing justification to a matter of inference relations alone.},
	number = {2},
	journal = {Ethical Theory and Moral Practice},
	author = {Brun, Georg},
	month = apr,
	year = {2014},
	pages = {237--252},
}

@book{ladyman_understanding_2002,
	address = {London ; New York},
	title = {Understanding philosophy of science},
	isbn = {978-0-415-22156-6 978-0-415-22157-3},
	publisher = {Routledge},
	author = {Ladyman, James},
	year = {2002},
	keywords = {Philosophy, Science},
}

@incollection{lakatos_falsification_1976,
	address = {Dordrecht},
	title = {Falsification and the {Methodology} of {Scientific} {Research} {Programmes}},
	isbn = {978-94-010-1863-0},
	url = {https://doi.org/10.1007/978-94-010-1863-0_14},
	abstract = {For centuries knowledge meant proven knowledge — proven either by the power of the intellect or by the evidence of the senses. Wisdom and intellectual integrity demanded that one must desist from unproven utterances and minimize, even in thought, the gap between speculation and established knowledge. The proving power of the intellect or the senses was questioned by the sceptics more than two thousand years ago; but they were browbeaten into confusion by the glory of Newtonian physics. Einstein’s results again turned the tables and now very few philosophers or scientists still think that scientific knowledge is, or can be, proven knowledge. But few realize that with this the whole classical structure of intellectual values falls in ruins and has to be replaced: one cannot simply water down the ideal of proven truth - as some logical empiricists do — to the ideal of’probable truth’1 or — as some sociologists of knowledge do — to ‘truth by [changing] consensus’.2},
	booktitle = {Can {Theories} be {Refuted}? {Essays} on the {Duhem}-{Quine} {Thesis}},
	publisher = {Springer Netherlands},
	author = {Lakatos, Imre},
	editor = {Harding, Sandra G.},
	year = {1976},
	doi = {10.1007/978-94-010-1863-0_14},
	pages = {205--259},
}

@book{elgin_true_2017,
	address = {Cambridge (Mass.)},
	title = {True enough},
	isbn = {978-0-262-03653-5},
	language = {eng},
	publisher = {the MIT press},
	author = {Elgin, Catherine Z.},
	year = {2017},
}

@phdthesis{Tersman1304707,
	title = {Reflective equilibrium : {An} essay in moral epistemology},
	abstract = {In recent literature conceming the possibility of moral knowledge, it has been popular to apply coherentist accounts of epistemic justification to moral beliefs. This strategy is commonly associated with the notion of "reflective equilibrium" since the introductionof this term by John Rawls. The attempt to apply coherentism to moral beliefs is discussed in this essay under the label "the idea of reflective equilibrium". An account of the idea of reflective equilibrium is developed and defended. Several issues are addressed: what the role of the notion of reflective equilibrium is; what the relationship is between the state and the procedure of reflective equilibrium; the concept of coherence involved; the significance of the distinction between wide and narrow reflective equilibrium; the capability of the idea to account for common ways of moral reasoning; the methodological status of an account of epistemic justification. A popular objection to the idea of reflective equilibrium is that coherence among one's moral beliefs does not indicate that they are true since radically different sets of beliefs may be equally coherent. On the basis of a discussion of what "indicate that they are true" might mean in this context, it is argued that the relevance of this objection is doubtful. Moreover, it is argued that, at a certain level of coherence, and given a set of plausible assumptions about meaning, belief and coherence, the claim that radically different sets of beliefs may be equally coherent is implausible. Finally, some arguments are developed in support of the sceptical thesis that moral beliefs are significantiy less justified than many nonmoral beliefs given the account of the idea of reflective equilibrium developed in this essay.},
	school = {Stockholm University, Faculty of Humanities, Department of Philosophy / Stockholm University, Faculty of Humanities, Department of Philosophy},
	author = {Tersman, Folke},
	year = {1993},
	note = {Number: 14
Pages: 144
Series: Acta universtitatis stockholmiensis},
	keywords = {Donald Davidson, John Rawls, coherence, epistemic justification, isolation argument, moral epistemology, moral knowledge, reflective equilibrium},
}

@book{noauthor_notitle_nodate,
}

@article{tersman_recent_2018,
	title = {Recent work on reflective equilibrium and method in ethics},
	volume = {13},
	issn = {17479991},
	url = {https://onlinelibrary.wiley.com/doi/10.1111/phc3.12493},
	doi = {10.1111/phc3.12493},
	language = {en},
	number = {6},
	urldate = {2021-11-03},
	journal = {Philosophy Compass},
	author = {Tersman, Folke},
	month = jun,
	year = {2018},
	pages = {e12493},
}

@book{rawls_theory_2003,
	address = {Cambridge, Mass},
	edition = {Rev. ed., 5.- 6. printing},
	title = {A theory of justice},
	isbn = {978-0-674-00077-3 978-0-674-00078-0},
	language = {eng},
	publisher = {Belknap Press of Harvard Univ. Press},
	author = {Rawls, John},
	year = {2003},
}

@incollection{sep-reflective-equilibrium,
	edition = {Summer 2020},
	title = {Reflective equilibrium},
	url = {https://plato.stanford.edu/archives/sum2020/entries/reflective-equilibrium/},
	booktitle = {The {Stanford} encyclopedia of philosophy},
	publisher = {Metaphysics Research Lab, Stanford University},
	author = {Daniels, Norman},
	editor = {Zalta, Edward N.},
	year = {2020},
}

@article{stich_justification_1980,
	title = {Justification and the {Psychology} of {Human} {Reasoning}},
	volume = {47},
	issn = {00318248, 1539767X},
	url = {http://www.jstor.org/stable/187083},
	abstract = {[This essay grows out of the conviction that recent work by psychologists studying human reasoning has important implications for a broad range of philosophical issues. To illustrate our thesis we focus on Nelson Goodman's elegant and influential attempt to "dissolve" the problem of induction. In the first section of the paper we sketch Goodman's account of what it is for a rule of inference to be justified. We then marshal empirical evidence indicating that, on Goodman's account of justification, patently invalid inferential rules turn out to be "justified." We conclude that something is seriously wrong with Goodman's story about justification. In the second section we attempt to patch Goodman's account. The notion of epistemic authority and the social aspect of justification play central roles in the alternative account of justification that we propose.]},
	number = {2},
	urldate = {2021-11-03},
	journal = {Philosophy of Science},
	author = {Stich, Stephen P. and Nisbett, Richard E.},
	year = {1980},
	note = {Publisher: [The University of Chicago Press, Philosophy of Science Association]},
	pages = {188--202},
}

@incollection{freeman_rawls_2002,
	edition = {1},
	title = {Rawls on {Justification}},
	isbn = {978-0-521-65167-7 978-0-521-65706-8 978-0-511-99885-0},
	url = {https://www.cambridge.org/core/product/identifier/CBO9780511998850A007/type/book_part},
	urldate = {2021-11-03},
	booktitle = {The {Cambridge} {Companion} to {Rawls}},
	publisher = {Cambridge University Press},
	author = {Scanlon, T. M.},
	editor = {Freeman, Samuel},
	month = nov,
	year = {2002},
	doi = {10.1017/CCOL0521651670.004},
	pages = {139--167},
}

@book{goodman_fact_1983,
	address = {Cambridge, Mass},
	edition = {4th ed},
	title = {Fact, fiction, and forecast},
	isbn = {978-0-674-29071-6 978-0-674-29070-9},
	publisher = {Harvard University Press},
	author = {Goodman, Nelson},
	year = {1983},
	keywords = {Conditionals (Logic), Forecasting, Induction (Logic), Philosophy, Possibility, Science},
}

@misc{amnesty_international_schweiz_was_2021,
	title = {Was ist {Diskriminierung}?},
	url = {https://www.amnesty.ch/de/themen/diskriminierung/zahlen-fakten-und-hintergruende/was-ist-diskriminierung},
	abstract = {Diskriminierung ist eine grobe Verletzung der Menschenrechte. Diskriminierte Menschen werden aufgrund individueller oder gruppenspezifischer Merkmale systematisch an der Ausübung ihrer Menschenrechte gehindert.},
	language = {de},
	urldate = {2021-07-15},
	journal = {Amnesty International Schweiz},
	author = {{Amnesty International Schweiz}},
	year = {2021},
}

@techreport{un-vollversammlung_allgemeine_1948,
	address = {Paris},
	title = {Allgemeine {Erklärung} der {Menschenrechte}},
	language = {de},
	number = {217 (III) A},
	author = {{UN-Vollversammlung}},
	year = {1948},
}

@book{kausen_sprachfamilien_2014,
	address = {Hamburg},
	title = {Die {Sprachfamilien} der {Welt}. {Teil} 2: {Afrika} - {Indopazifik} - {Australien} - {Amerika}},
	isbn = {978-3-87548-656-8},
	shorttitle = {Die {Sprachfamilien} der {Welt}. {Teil} 2},
	language = {ger},
	publisher = {Buske},
	author = {Kausen, Ernst},
	year = {2014},
	note = {original-date: 1900},
}

@book{noauthor_notitle_nodate-1,
}

@misc{noauthor_z-library_nodate,
	title = {Z-{Library}},
	url = {https://booksc.xyz/ireader/46821553},
	urldate = {2020-10-24},
}

@article{zhang_how_2016,
	title = {How {Many} {Is} {Enough}?—{Statistical} {Principles} for {Lexicostatistics}},
	volume = {7},
	issn = {1664-1078},
	shorttitle = {How {Many} {Is} {Enough}?},
	url = {http://journal.frontiersin.org/article/10.3389/fpsyg.2016.01916/full},
	doi = {10.3389/fpsyg.2016.01916},
	abstract = {Lexicostatistics has been applied in linguistics to inform phylogenetic relations among languages. There are two important yet not well-studied parameters in this approach: the conventional size of vocabulary list to collect potentially true cognates and the minimum matching instances required to conﬁrm a recurrent sound correspondence. Here, we derive two statistical principles from stochastic theorems to quantify these parameters. These principles validate the practice of using the Swadesh 100- and 200-word lists to indicate degree of relatedness between languages, and enable a frequency-based, dynamic threshold to detect recurrent sound correspondences. Using statistical tests, we further evaluate the generality of the Swadesh 100-word list compared to the Swadesh 200-word list and other 100-word lists sampled randomly from the Swadesh 200-word list. All these provide mathematical support for applying lexicostatistics in historical and comparative linguistics.},
	language = {en},
	urldate = {2020-10-31},
	journal = {Frontiers in Psychology},
	author = {Zhang, Menghan and Gong, Tao},
	year = {2016},
}

@misc{noauthor_asjp_2020,
	title = {The {ASJP} {Database}},
	url = {https://asjp.clld.org/},
	urldate = {2020-10-29},
	year = {2020},
}

@book{weismann_uber_1868,
	address = {Leipzig},
	title = {Über die {Berechtigung} der {Darwin}'schen {Theorie}.},
	url = {http://www.biodiversitylibrary.org/bibliography/49955},
	urldate = {2020-10-06},
	publisher = {W. Engelmann,},
	author = {Weismann, August.},
	year = {1868},
}

@book{schlegel_ueber_1808,
	address = {Heidelberg},
	title = {Ueber die {Sprache} und {Weisheit} der {Indier}: {Ein} {Beitrag} zur {Begruendung} der {Alterthumskunde}, nebst metrischen {Uebersetzungen} indischer {Gedichte}.},
	publisher = {Mohr und Zimmer},
	author = {Schlegel, Friedrich},
	year = {1808},
}

@book{gabelentz_sprachwissenschaft_2016,
	address = {Berlin},
	series = {Classics in {Linguistics}},
	title = {Die {Sprachwissenschaft}: {Ihre} {Aufgaben}, {Methoden} und bisherigen {Ergebnisse}},
	shorttitle = {Die {Sprachwissenschaft}},
	url = {https://langsci-press.org/catalog/book/97},
	language = {de\_},
	publisher = {Language Science Press},
	author = {Gabelentz, Georg},
	year = {2016},
}

@article{woodward_moral_2007,
	title = {Moral intuition: {Its} neural substrates and normative significance},
	volume = {101},
	journal = {Journal of Physiology - Paris},
	author = {Woodward, James and Allman, John},
	year = {2007},
	pages = {179--202},
}

@misc{williamson_bayesianism_2009,
	title = {Bayesianism - an overview {\textbar} {ScienceDirect} {Topics}},
	url = {https://www.sciencedirect.com/topics/mathematics/bayesianism},
	urldate = {2020-09-29},
	author = {Williamson, Jon},
	year = {2009},
}

@incollection{williams_critique_1973,
	address = {Cambridge},
	title = {A critique of utilitarianism},
	booktitle = {Utilitarianism: for and against},
	publisher = {University Press},
	author = {Williams, Bernard},
	year = {1973},
	pages = {77--150},
}

@book{humboldt_uber_1838,
	title = {Uber die {Kawi}-{Sprache} auf der {Insel} {Java} nebst einer {Einleitung} uber die {Verschiedenheit} des menschlichen {Sprachbaues} und ihren {Einfluss} auf die geistige {Entwickelung} des {Menschengeschlechts}},
	shorttitle = {Uber die {Kawi}-{Sprache} auf der {Insel} {Java} nebst einer {Einleitung} uber die {Verschiedenheit} des menschlichen {Sprachbaues} und ihren {Einfluss} auf die geistige {Entwickelung} des {Menschengeschlechts} von {Wilhelm} von {Humboldt}},
	language = {de},
	publisher = {Koniglichen Akademie der Wissenschaften},
	author = {Humboldt, Wilhelm},
	year = {1838},
}

@misc{voigt_new_2018,
	title = {A new beginning: introducing {Argdown}},
	shorttitle = {A new beginning},
	url = {http://www.argunet.org/2018/10/26/new-beginning-introducing-argdown/},
	abstract = {Introducing the Argdown argumentation syntax to the Argunet community},
	language = {en},
	urldate = {2020-08-28},
	journal = {Argunet},
	author = {Voigt, Christian},
	year = {2018},
}

@incollection{vogel_inference_2016,
	address = {London},
	edition = {1},
	title = {Inference to the best explanation},
	isbn = {978-0-415-25069-6},
	url = {https://www.rep.routledge.com/articles/thematic/inference-to-the-best-explanation/v-1},
	abstract = {Inference to the best explanation is the procedure of choosing the hypothesis or theory that best explains the available data. The factors that make one explanation better than another may include depth, comprehensiveness, simplicity and unifying power. According to Harman (1965), explanatory inference plays a central role in both everyday and scientific thinking. In ordinary life, a person might make the inference that a fuse has blown to explain why several kitchen appliances stopped working all at once. Scientists also seem to engage in inference to the best explanation; for example, astronomers concluded that another planet must exist in order to account for aberrations in the orbit of Uranus. However, despite the suggestiveness of cases like these, the extent to which we do and should rely on inference to the best explanation is highly controversial.},
	urldate = {2020-09-26},
	booktitle = {Routledge {Encyclopedia} of {Philosophy}},
	publisher = {Routledge},
	author = {Vogel, Jonathan},
	year = {2016},
}

@article{trope_construal-level_2010,
	title = {Construal-level theory of psychological distance.},
	volume = {117},
	issn = {1939-1471, 0033-295X},
	url = {http://doi.apa.org/getdoi.cfm?doi=10.1037/a0018963},
	doi = {10.1037/a0018963},
	language = {en},
	number = {2},
	urldate = {2020-11-19},
	journal = {Psychological Review},
	author = {Trope, Yaacov and Liberman, Nira},
	year = {2010},
	pages = {440--463},
}

@book{van_valin_introduction_2001,
	address = {Cambridge, UK ; New York},
	title = {An introduction to syntax},
	isbn = {978-0-521-63199-0 978-0-521-63566-0},
	publisher = {Cambridge University Press},
	author = {Van Valin, Robert D.},
	year = {2001},
}

@book{driem_languages_2001,
	address = {Leiden ; New York},
	series = {Handbook of oriental studies. {Section} two, {India}, {Handbuch} der {Orientalistik}. {Indien}},
	title = {Languages of the {Himalayas}: an ethnolinguistic handbook of the greater {Himalayan} {Region}: containing an introduction to the symbiotic theory of language},
	isbn = {978-90-04-10390-0 978-90-04-12062-4 978-90-04-12063-1},
	shorttitle = {Languages of the {Himalayas}},
	number = {v. 10/1-10/2 =},
	publisher = {Brill},
	author = {Driem, George},
	year = {2001},
}

@book{trombetti_unita_1905,
	address = {Bologna},
	title = {L'unità d'origine del linguaggio},
	author = {Trombetti, Alfredo},
	year = {1905},
}

@book{trask_how_2001,
	address = {University of Sussex, Brighton, UK},
	title = {How do we do historical work on languages? unpublished ms.},
	author = {Trask, R. L.},
	year = {2001},
}

@article{tobia_moral_2013,
	title = {Moral intuitions: {Are} philosophers experts?},
	volume = {26},
	issn = {0951-5089, 1465-394X},
	shorttitle = {Moral intuitions},
	url = {http://www.tandfonline.com/doi/abs/10.1080/09515089.2012.696327},
	doi = {10.1080/09515089.2012.696327},
	language = {en},
	number = {5},
	urldate = {2020-05-23},
	journal = {Philosophical Psychology},
	author = {Tobia, Kevin and Buckwalter, Wesley and Stich, Stephen},
	year = {2013},
	pages = {629--638},
}

@book{timmons_moral_2013,
	address = {Lanham, Md},
	edition = {2nd ed},
	series = {Elements of philosophy},
	title = {Moral theory: an introduction},
	isbn = {978-0-7425-6491-6 978-0-7425-6492-3 978-0-7425-6493-0},
	shorttitle = {Moral theory},
	publisher = {Rowman \& Littlefield Publishers},
	author = {Timmons, Mark},
	year = {2013},
}

@book{tittmann_einfuhrung_2020,
	address = {Place of publication not identified},
	title = {Einführung in die {Kombinatorik}},
	isbn = {978-3-662-58921-2},
	url = {http://rose.scranton.edu/login?url=http://link.springer.com/10.1007/978-3-662-58921-2},
	language = {German},
	urldate = {2020-09-16},
	publisher = {SPRINGER},
	author = {Tittmann, Peter},
	year = {2020},
	note = {OCLC: 1103502928},
}

@incollection{thomason_morphological_1980,
	address = {The Hague ; New York},
	series = {Trends in linguistics},
	title = {Morphological instability, with and without language contact},
	number = {17},
	booktitle = {Historical morphology},
	publisher = {Mouton},
	author = {Thomason, Sarah G.},
	editor = {Fisiak, Jacek},
	year = {1980},
	pages = {359--372},
}

@article{tersman_recent_2018-1,
	title = {Recent work on reflective equilibrium and method in ethics},
	volume = {13},
	issn = {17479991},
	url = {http://doi.wiley.com/10.1111/phc3.12493},
	doi = {10.1111/phc3.12493},
	language = {en},
	number = {6},
	urldate = {2020-05-28},
	journal = {Philosophy Compass},
	author = {Tersman, Folke},
	month = jun,
	year = {2018},
	pages = {e12493},
}

@misc{tennant_how_2015,
	title = {How do we make moral judgments?},
	url = {http://www.spsp.org/news-center/blog/how-do-we-make-moral-judgments#gsc.tab=0},
	urldate = {2020-09-21},
	author = {Tennant, Joseph},
	year = {2015},
}

@book{swadesh_origin_2017,
	edition = {1. Edition},
	title = {The {Origin} and {Diversification} of {Language}},
	isbn = {978-1-138-53724-8},
	abstract = {Morris Swadesh, one of this century's foremost scientific investigators of language, dedicated much of his life to the study of the origin and evolution of language. This volume, left nearly completed at his death and edited posthumously by Joel F. Sherzer, is his last major study of this difficult subject.Swadesh discusses the simple qualities of human speech also present in animal language, and establishes distinctively human techniques of expression by comparing the common features that are found in modern and ancient languages. He treats the diversification of language not only by isolating root words in different languages, but also by dealing with sound systems, with forms of composition, and with sentence structure. In so doing, he demonstrates the evidence for the expansion of all language from a single central area. Swadesh supports his hypothesis by "exhibits" that conveniently present the evidence in tabular form. Further clarity is provided by the use of a suggestive practical phonetic system, intelligible to the student as well as to the professional.The book also contains an Appendix, in which the distinguished ethnographer of language, Dell Hymes, gives a valuable account of the prewar linguistic tradition within which Swadesh did some of his most important work.},
	language = {Englisch},
	publisher = {Routledge},
	author = {Swadesh, Morris},
	year = {2017},
}

@article{swadesh_lexico-statistic_1952,
	title = {Lexico-{Statistic} {Dating} of {Prehistoric} {Ethnic} {Contacts}: {With} {Special} {Reference} to {North} {American} {Indians} and {Eskimos}},
	volume = {96},
	issn = {0003-049X},
	shorttitle = {Lexico-{Statistic} {Dating} of {Prehistoric} {Ethnic} {Contacts}},
	url = {https://www.jstor.org/stable/3143802},
	number = {4},
	urldate = {2020-11-03},
	journal = {Proceedings of the American Philosophical Society},
	author = {Swadesh, Morris},
	year = {1952},
	pages = {452--463},
}

@article{tersman_reliability_2008,
	title = {The reliability of moral intuitions: {A} challenge from neuroscience},
	volume = {86},
	number = {3},
	journal = {Australasian Journal of Philosophy},
	author = {Tersman, Folke},
	month = jul,
	year = {2008},
	pages = {389--405},
}

@book{tersman_reflective_1993,
	address = {Stockholm},
	series = {Stockholm studies in philosophy},
	title = {Reflective equilibrium: an essay in moral epistemology},
	isbn = {978-91-22-01551-2},
	shorttitle = {Reflective equilibrium},
	number = {14},
	publisher = {Almqvist \& Wiksell International},
	author = {Tersman, Folke},
	year = {1993},
	note = {OCLC: 28613990},
}

@book{tallerman_oxford_2012,
	address = {Oxford ; New York},
	series = {Oxford handbooks in linguistics},
	title = {The {Oxford} handbook of language evolution},
	isbn = {978-0-19-954111-9},
	publisher = {Oxford University Press},
	editor = {Tallerman, Maggie and Gibson, Kathleen Rita},
	year = {2012},
	note = {OCLC: ocn724665645},
}

@incollection{talbott_bayesian_2016,
	edition = {Winter 2016},
	title = {Bayesian {Epistemology}},
	url = {https://plato.stanford.edu/archives/win2016/entries/epistemology-bayesian/},
	abstract = {‘Bayesian epistemology’ became an epistemological movementin the 20th century, though its two main features can betraced back to the eponymous Reverend Thomas Bayes (c. 1701–61). Thosetwo features are: (1) the introduction of a formal apparatusfor inductive logic; (2) the introduction of a pragmaticself-defeat test (as illustrated by Dutch Book Arguments) forepistemic rationality as a way of extending the justificationof the laws of deductive logic to include a justification for the lawsof inductive logic. The formal apparatus itself has two main elements:the use of the laws of probability as coherence constraints onrational degrees of belief (or degrees of confidence) and theintroduction of a rule of probabilistic inference, a rule or principleof conditionalization., Bayesian epistemology did not emerge as a philosophical programuntil the first formal axiomatizations of probability theory in thefirst half of the 20th century. One importantapplication of Bayesian epistemology has been to the analysis ofscientific practice in Bayesian Confirmation Theory. Inaddition, a major branch of statistics, Bayesianstatistics, is based on Bayesian principles. In psychology,an important branch of learning theory, Bayesian learningtheory, is also based on Bayesian principles. Finally, theidea of analyzing rational degrees of belief in terms of rationalbetting behavior led to the 20th century development of anew kind of decision theory, Bayesian decision theory, which isnow the dominant theoretical model for both the descriptive andnormative analysis of decisions. The combination of its preciseformal apparatus and its novel pragmatic self-defeat test forjustification makes Bayesian epistemology one of the most importantdevelopments in epistemology in the 20th century, and one ofthe most promising avenues for further progress in epistemology in the21st century.},
	urldate = {2020-09-29},
	booktitle = {The {Stanford} {Encyclopedia} of {Philosophy}},
	publisher = {Metaphysics Research Lab, Stanford University},
	author = {Talbott, William},
	editor = {Zalta, Edward N.},
	year = {2016},
}

@article{swadesh_perspectives_1954,
	title = {Perspectives and {Problems} of {Amerindian} {Comparative} {Linguistics}},
	volume = {10},
	issn = {0043-7956, 2373-5112},
	url = {http://www.tandfonline.com/doi/full/10.1080/00437956.1954.11659530},
	doi = {10.1080/00437956.1954.11659530},
	language = {en},
	number = {2-3},
	urldate = {2020-10-23},
	journal = {WORD},
	author = {Swadesh, Morris},
	month = aug,
	year = {1954},
	pages = {306--332},
}

@article{swadesh_towards_1955,
	title = {Towards {Greater} {Accuracy} in {Lexicostatistic} {Dating}},
	volume = {21},
	issn = {0020-7071},
	url = {https://www.jstor.org/stable/1263939},
	number = {2},
	urldate = {2020-11-03},
	journal = {International Journal of American Linguistics},
	author = {Swadesh, Morris},
	year = {1955},
	pages = {121--137},
}

@book{strick_einfuhrung_2018,
	address = {Wiesbaden},
	series = {essentials},
	title = {Einführung in die {Wahrscheinlichkeitsrechnung}: {Stochastik} kompakt},
	isbn = {978-3-658-21852-2 978-3-658-21853-9},
	shorttitle = {Einführung in die {Wahrscheinlichkeitsrechnung}},
	language = {ger},
	publisher = {Springer Spektrum},
	author = {Strick, Heinz Klaus},
	year = {2018},
	note = {OCLC: 1031716964},
}

@book{smart_utilitarianism_1973,
	address = {Cambridge [Eng.]},
	title = {Utilitarianism: for and against},
	isbn = {978-0-521-20297-8 978-0-521-09822-9},
	shorttitle = {Utilitarianism},
	publisher = {University Press},
	author = {Smart, J. J. C. and Williams, Bernard},
	year = {1973},
}

@article{sjoberg_problems_1956,
	title = {Problems in {Glottochronology}},
	volume = {58},
	issn = {0002-7294, 1548-1433},
	url = {http://doi.wiley.com/10.1525/aa.1956.58.2.02a00070},
	doi = {10.1525/aa.1956.58.2.02a00070},
	language = {en},
	number = {2},
	urldate = {2020-10-31},
	journal = {American Anthropologist},
	author = {Sjoberg, Andree F. and Sjoberg, Gideon},
	month = apr,
	year = {1956},
	pages = {296--308},
}

@incollection{sinnott-armstrong_moral_2010,
	address = {Oxford ; New York},
	title = {Moral {Intuitions}},
	booktitle = {The moral psychology handbook},
	publisher = {Oxford University Press},
	author = {Sinnott-Armstrong, Walter and Young, Liane and Cushman, Fiery},
	year = {2010},
	pages = {246--273},
}

@article{singer_sidgwick_1974,
	title = {Sidgwick and {Reflective} {Equilibrium}},
	volume = {58},
	journal = {The Monist},
	author = {Singer, Peter},
	year = {1974},
	pages = {490--517},
}

@book{shevoroshkin_typology_1986,
	address = {Ann Arbor},
	title = {Typology, relationship and time: a collection of papers on language change and relationship},
	isbn = {978-0-89720-072-1},
	shorttitle = {Typology, relationship and time},
	language = {engrus},
	publisher = {Karoma Publishers},
	editor = {Shevoroshkin, V. V. and Markey, Thomas L.},
	year = {1986},
}

@incollection{schupbach_inference_2017,
	address = {Oxford, United Kingdom ; New York, NY},
	edition = {first edition},
	title = {Inference to the best explanation, cleaned up and mad respectable},
	booktitle = {Best explanations: new essays on inference to the best explanation},
	publisher = {Oxford University Press},
	author = {Schupbach, Jonah},
	editor = {McCain, Kevin and Poston, Ted},
	year = {2017},
	pages = {39--61},
}

@book{southworth_foundations_1974,
	address = {New York},
	title = {Foundations of linguistics},
	isbn = {978-0-02-930300-9},
	publisher = {Free Press},
	author = {Southworth, Franklin C. and Daswani, Chander J.},
	year = {1974},
}

@book{song_linguistic_2014,
	title = {Linguistic {Typology}: {Morphology} and {Syntax}},
	isbn = {978-1-317-88343-2},
	shorttitle = {Linguistic {Typology}},
	abstract = {Language typology is the study of the structural similarities between languages regardless of their history, to establish a classification or typology of languages. It is a core topic of historical linguistics and is studied on all traditional linguistics degree courses. In recent years there has been increased interest the subject and it is an area we have been looking to commission a book in.Jae Jung Song proposes to introduce the undergraduate reader to the subject, with discussion of topics which include - what is language typology and why is it studied; word order; language sampling; relative clauses; diachronic typology; and applications of language typology. There will also be discussion of the most prominent areas of research in the subject and readers will be able to review data selected from a wide range of languages to see how languages work and how differently they behave.},
	language = {en},
	publisher = {Routledge},
	author = {Song, Jae Jung},
	month = sep,
	year = {2014},
}

@article{singer_ethics_2005,
	title = {Ethics and intuitions},
	volume = {9},
	doi = {10.1007/s10892-005-3508-y},
	urldate = {0219-12-30},
	journal = {The Journal of Ethics},
	author = {Singer, Peter},
	month = jan,
	year = {2005},
	pages = {331--352},
}

@article{sapir_hokan_2020,
	title = {The {Hokan} {Affinity} of {Subtiaba} in {Nicaragua}},
	language = {en},
	author = {Sapir, Edward},
	year = {2020},
	pages = {38},
}

@article{sapir_hokan_1925,
	title = {The {Hokan} {Affinity} of {Subtiaba} in {Nicaragua}},
	url = {https://www.jstor.org/stable/660992},
	urldate = {2020-10-23},
	journal = {American Anthropologist},
	author = {Sapir, Edward},
	year = {1925},
	pages = {491--527},
}

@article{sankoff_rate_1970,
	title = {On the {Rate} of {Replacement} of {Word}-{Meaning} {Relationships}},
	volume = {46},
	issn = {00978507},
	url = {https://www.jstor.org/stable/412307?origin=crossref},
	doi = {10.2307/412307},
	language = {en},
	number = {3},
	urldate = {2020-10-31},
	journal = {Language},
	author = {Sankoff, David},
	month = sep,
	year = {1970},
	pages = {564},
}

@article{sandberg_ethics_2011,
	title = {Ethics and {Intuitions}: {A} {Reply} to {Singer}},
	volume = {15},
	issn = {1382-4554, 1572-8609},
	shorttitle = {Ethics and {Intuitions}},
	url = {http://link.springer.com/10.1007/s10892-010-9088-5},
	doi = {10.1007/s10892-010-9088-5},
	language = {en},
	number = {3},
	urldate = {2020-06-17},
	journal = {The Journal of Ethics},
	author = {Sandberg, Joakim and Juth, Niklas},
	month = sep,
	year = {2011},
	pages = {209--226},
}

@book{ruhlen_origin_1994,
	address = {Stanford, Calif},
	title = {On the origin of languages: studies in linguistic taxonomy},
	isbn = {978-0-8047-2321-3},
	shorttitle = {On the origin of languages},
	publisher = {Stanford University Press},
	author = {Ruhlen, Merritt},
	year = {1994},
}

@incollection{ruhlen_new_2008,
	address = {London; Oakville, CT},
	title = {New perspectives on the origin of languages},
	booktitle = {Origin and evolution of languages: approaches, models, paradigms},
	publisher = {Equinox},
	author = {Ruhlen, Merritt},
	year = {2008},
	pages = {241--256},
}

@book{rogers_writing_2005,
	address = {Malden, MA},
	series = {Blackwell textbooks in linguistics},
	title = {Writing systems: a linguistic approach},
	isbn = {978-0-631-23463-0 978-0-631-23464-7},
	shorttitle = {Writing systems},
	number = {18},
	publisher = {Blackwell Pub},
	author = {Rogers, Henry},
	year = {2005},
}

@incollection{salmons_look_1992,
	address = {Amsterdam},
	title = {A look at the data for a global etymology: * tik , “{Finger}”},
	booktitle = {Explanation in historical linguistics},
	publisher = {Benjamins},
	author = {Salmons, Joe},
	editor = {Davis, Garry W. and Iverson, Gregory},
	year = {1992},
}

@article{salmons_global_1996,
	title = {“{Global} etymology” as pre-{Copernican} linguistics.},
	volume = {25},
	number = {1},
	journal = {California Linguistic Notes},
	author = {Salmons, Joe},
	year = {1996},
	pages = {1--6},
}

@article{saba_effect_1975,
	title = {Effect of lysosomal cationic proteins from polymorphonuclear leukocytes upon the fibrinogen and fibrinolysis system},
	volume = {7},
	issn = {0049-3848},
	doi = {10.1016/0049-3848(75)90101-2},
	language = {eng},
	number = {4},
	journal = {Thrombosis Research},
	author = {Saba, H. I. and Herion, J. C. and Walker, R. I. and Roberts, H. R.},
	year = {1975},
	pages = {543--554},
}

@misc{rini_morality_2015,
	title = {Morality and {Cognitive} {Science}},
	url = {https://iep.utm.edu/m-cog-sc/},
	language = {en-US},
	urldate = {2020-11-19},
	journal = {Internet Encyclopedia of Philosophy},
	author = {Rini, Regina A.},
	year = {2015},
}

@book{roeser_moral_2011,
	address = {Houndmills, Basingstoke, Hampshire ; New York},
	title = {Moral emotions and intuitions},
	isbn = {978-0-230-23267-9},
	publisher = {Palgrave Macmillan},
	author = {Roeser, Sabine},
	year = {2011},
	note = {OCLC: ocn656768381},
}

@article{ringe_reply_1993,
	title = {A reply to professor {Greenberg}},
	volume = {137},
	number = {1},
	urldate = {2020-09-08},
	journal = {Proceedings of the American Philosophical Society},
	author = {Ringe, Donald A.},
	year = {1993},
	pages = {91--109},
}

@article{ringe_mathematics_1996,
	title = {The mathematics of ``{Amerind}''},
	volume = {13},
	journal = {Diachronica},
	author = {Ringe, Donald A.},
	year = {1996},
	pages = {135--154},
}

@article{ringe_how_1999,
	title = {How hard is it to match {CVC}-roots?},
	volume = {97},
	issn = {00791636, 1467968X},
	url = {http://doi.wiley.com/10.1111/1467-968X.00049},
	doi = {10.1111/1467-968X.00049},
	language = {en},
	number = {2},
	urldate = {2020-09-08},
	journal = {Transactions of the Philological Society},
	author = {Ringe, Donald A.},
	month = nov,
	year = {1999},
	pages = {213--244},
}

@book{ringe_historical_2013,
	address = {Cambridge, [England] ; New York},
	title = {Historical linguistics: toward a twenty-first century reintegration},
	isbn = {978-0-521-58332-9},
	shorttitle = {Historical linguistics},
	publisher = {Cambridge University Press},
	author = {Ringe, Donald A. and Eska, Joseph F.},
	year = {2013},
}

@incollection{ringe_how_1999-1,
	series = {Transactions of the {Philological} {Society}},
	title = {How hard is it to match {CVC}-roots?},
	volume = {97},
	author = {Ringe, Donald A.},
	year = {1999},
	pages = {213--244},
}

@book{ringe_calculating_1992,
	address = {Philadelphia, Pa},
	series = {Transactions of the {American} {Philosophical} {Society}},
	title = {On calculating the factor of chance in language comparison},
	isbn = {978-0-87169-821-6},
	number = {v. 82, pt. 1},
	publisher = {American Philosophical Society},
	author = {Ringe, Donald A.},
	year = {1992},
}

@incollection{rice_typology_2007,
	address = {Amsterdam ; Philadelphia},
	title = {A {Typology} of {Good} {Grammars}},
	booktitle = {Perspectives on grammar writing},
	publisher = {John Benjamins},
	author = {Rice, Keren},
	editor = {Payne, Thomas Edward and Weber, David},
	year = {2007},
	pages = {143--171},
}

@book{rawls_theory_1999,
	address = {Cambridge},
	edition = {Revised edition},
	title = {A {Theory} of {Justice}},
	publisher = {Belknap Press},
	author = {Rawls, John},
	year = {1999},
}

@incollection{rankin_interplay_2006,
	address = {Berlin ; New York},
	title = {The interplay of synchronic and diachronic discovery in {Siouan} grammar-writing},
	booktitle = {Catching language: the standing challenge of grammar writing},
	publisher = {M. de Gruyter},
	author = {Rankin, Robert L.},
	editor = {Ameka, Felix K. and Evans, Nicholas and Dench, Alan},
	year = {2006},
	pages = {527--547},
}

@article{ramer_glass_1996,
	title = {Glass {Houses}: {Greenberg}, {Ringe}, and the {Mathematics} of {Comparative} {Linguistics}},
	volume = {38},
	number = {4},
	urldate = {2020-09-08},
	journal = {Anthropological Linguistics},
	author = {Ramer, Alexis and Hitchcock, Christoper},
	year = {1996},
	pages = {601--619},
}

@book{popper_logik_2005,
	address = {Tübingen},
	edition = {11. Aufl., durchges. und erg},
	series = {Gesammelte {Werke}},
	title = {Logik der {Forschung}},
	isbn = {978-3-16-148111-6},
	number = {in deutscher Sprache ; 3},
	publisher = {Mohr Siebeck},
	author = {Popper, Karl R.},
	editor = {Keuth, Herbert},
	year = {2005},
}

@book{popper_logik_2005-1,
	address = {Tübingen},
	edition = {11. Aufl., durchges. und erg},
	series = {Gesammelte {Werke}},
	title = {Logik der {Forschung}},
	isbn = {978-3-16-148111-6},
	number = {in deutscher Sprache ; 3},
	publisher = {Mohr Siebeck},
	author = {Popper, Karl R.},
	editor = {Keuth, Herbert},
	year = {2005},
}

@book{poeppel_cognitive_2020,
	address = {Cambridge, MA},
	edition = {Sixth edition},
	title = {The cognitive neurosciences},
	isbn = {978-0-262-04325-0},
	publisher = {The MIT Press},
	editor = {Poeppel, David and Mangun, G. R. and Gazzaniga, Michael S.},
	year = {2020},
}

@book{pereltsvaig_indo-european_2015,
	address = {Cambridge},
	title = {The {Indo}-{European} {Controversy}: {Facts} and {Fallacies} in {Historical} {Linguistics}},
	isbn = {978-1-107-29433-2},
	shorttitle = {The {Indo}-{European} {Controversy}},
	url = {http://ebooks.cambridge.org/ref/id/CBO9781107294332},
	urldate = {2020-07-18},
	publisher = {Cambridge University Press},
	author = {Pereltsvaig, Asya and Lewis, Martin W.},
	year = {2015},
}

@article{rawls_outline_1951,
	title = {Outline of a {Decision} {Procedure} for {Ethics}},
	volume = {60},
	number = {2},
	urldate = {2020-05-28},
	journal = {The Philosophical Review},
	author = {Rawls, John},
	year = {1951},
	pages = {177--197},
}

@book{poeppel_cognitive_2020-1,
	title = {The cognitive neurosciences},
	isbn = {978-0-262-35617-6},
	url = {http://public.eblib.com/choice/PublicFullRecord.aspx?p=6195019},
	abstract = {The sixth edition of the foundational reference on cognitive neuroscience, with entirely new material that covers the latest research, experimental approaches, and measurement methodologies.},
	language = {English},
	urldate = {2020-11-19},
	author = {Poeppel, David and Mangun, G. R and Gazzaniga, Michael S and Blakemore, Sarah-Jayne and Preuss, Todd M and Baillargeon, Renée and Setoh, Peipei and Sloane, Stephanie and Jin, Kyong-sun and Bian, Lin},
	year = {2020},
	note = {OCLC: 1154537824},
}

@article{picard_case_1998,
	title = {The {Case} against {Global} {Etymologies}: {Evidence} from {Algonquian}},
	volume = {64},
	issn = {0020-7071, 1545-7001},
	shorttitle = {The {Case} against {Global} {Etymologies}},
	url = {https://www.journals.uchicago.edu/doi/10.1086/466353},
	doi = {10.1086/466353},
	language = {en},
	number = {2},
	urldate = {2020-10-19},
	journal = {International Journal of American Linguistics},
	author = {Picard, Marc},
	month = apr,
	year = {1998},
	pages = {141--147},
}

@book{pereltsvaig_indo-european_2015-1,
	title = {The {Indo}-{European} {Controversy}: {Facts} and {Fallacies} in {Historical} {Linguistics}},
	isbn = {978-1-107-29433-2 978-1-107-05453-0 978-1-107-66538-5},
	shorttitle = {The {Indo}-{European} {Controversy}},
	url = {http://dx.doi.org/10.1017/CBO9781107294332},
	abstract = {This book challenges media-celebrated evolutionary studies linking Indo-European languages to Neolithic Anatolia, instead defending traditional practices in historical linguistics.},
	language = {English},
	urldate = {2020-08-21},
	author = {Pereltsvaig, Asya and Lewis, Martin W},
	year = {2015},
	note = {OCLC: 1170495932},
}

@book{pereltsvaig_indo-european_2015-2,
	address = {Cambridge},
	title = {The {Indo}-{European} {Controversy}: {Facts} and {Fallacies} in {Historical} {Linguistics}},
	isbn = {978-1-107-29433-2},
	shorttitle = {The {Indo}-{European} {Controversy}},
	url = {http://ebooks.cambridge.org/ref/id/CBO9781107294332},
	urldate = {2020-07-18},
	publisher = {Cambridge University Press},
	author = {Pereltsvaig, Asya and Lewis, Martin W.},
	year = {2015},
}

@book{peirce_collected_1935,
	address = {Cambridge, MA},
	title = {The {Collected} {Papers} of {Charles} {Sanders} {Peirce}},
	volume = {I-VI},
	publisher = {Harvard University Press},
	author = {Peirce, Charles S.},
	year = {1935},
}

@book{payne_perspectives_2007,
	address = {Amsterdam Philadelphia},
	series = {Benjamins current topics},
	title = {Perspectives on grammar writing},
	isbn = {978-90-272-2241-1},
	number = {v. 11},
	publisher = {John Benjamins},
	editor = {Payne, Thomas Edward and Weber, David},
	year = {2007},
	note = {OCLC: ocn144770196},
}

@article{paxton_moral_2010,
	title = {Moral {Reasoning}: {Hints} and {Allegations}},
	volume = {2},
	issn = {17568757},
	shorttitle = {Moral {Reasoning}},
	url = {http://doi.wiley.com/10.1111/j.1756-8765.2010.01096.x},
	doi = {10.1111/j.1756-8765.2010.01096.x},
	language = {en},
	number = {3},
	urldate = {2020-11-13},
	journal = {Topics in Cognitive Science},
	author = {Paxton, Joseph M. and Greene, Joshua D.},
	year = {2010},
	pages = {511--527},
}

@incollection{nichols_monogenesis_2011,
	address = {Oxford},
	title = {Monogenesis or polygenesis: a single ancestral language for all humanity?},
	isbn = {978-0-19-954111-9},
	shorttitle = {Monogenesis or polygenesis},
	url = {https://www.oxfordhandbooks.com/view/10.1093/oxfordhb/9780199541119.001.0001/oxfordhb-9780199541119-e-58},
	abstract = {"Monogenesis or polygenesis: a single ancestral language for all humanity?" published on  by Oxford University Press.},
	language = {en},
	urldate = {2020-10-30},
	booktitle = {The {Oxford} {Handbook} of {Language} {Evolution}},
	publisher = {Oxford University Press},
	author = {Nichols, Johanna},
	editor = {Gibson, Kathleen Rita and Tallerman, Maggie},
	month = nov,
	year = {2011},
	pages = {558--572},
}

@article{paxton_moral_2010-1,
	title = {Moral {Reasoning}: {Hints} and {Allegations}},
	volume = {2},
	issn = {17568757},
	shorttitle = {Moral {Reasoning}},
	url = {http://doi.wiley.com/10.1111/j.1756-8765.2010.01096.x},
	doi = {10.1111/j.1756-8765.2010.01096.x},
	language = {en},
	number = {3},
	urldate = {2020-05-27},
	journal = {Topics in Cognitive Science},
	author = {Paxton, Joseph M. and Greene, Joshua D.},
	year = {2010},
	pages = {511--527},
}

@book{paul_prinzipien_1898,
	address = {Halle},
	edition = {3. Auflage},
	title = {Prinzipien der {Sprachgeschichte}},
	publisher = {Niemeyer},
	author = {Paul, Hermann},
	year = {1898},
}

@incollection{oswalt_method_1991,
	address = {Stanford, Calif},
	title = {A method for assessing distant linguistic relationships},
	booktitle = {Sprung from {Some} {Common} {Source}: {Investigations} into the {Prehistory} of {Languages}},
	author = {Oswalt, Robert},
	editor = {Lamb, Sydney M. and Mitchell, E. Douglas},
	year = {1991},
	pages = {389 -- 404},
}

@article{nichols_sound_1971,
	title = {On sound change and challenges to regularity},
	journal = {Language},
	author = {Nichols, Johanna},
	year = {1971},
	pages = {826--848},
}

@incollection{nichols_origins_1998,
	address = {San Francisco, Calif},
	title = {The origins and dispersal of languages: linguistic evidence},
	booktitle = {The origin and diversification of language},
	publisher = {California Academy of Sciences},
	author = {Nichols, Johanna},
	editor = {Jablonski, Nina G and Aiello, Leslie C},
	year = {1998},
	pages = {127--170},
}

@article{nichols_modeling_1997,
	title = {Modeling {Ancient} {Population} {Structures} and {Movement} in {Linguistics}},
	volume = {26},
	url = {https://doi.org/10.1146/annurev.anthro.26.1.359},
	doi = {10.1146/annurev.anthro.26.1.359},
	abstract = {Linguistic population structure is described in terms of language families. Geographical distributions of language families respond to climate, latitude, and economic factors. Characteristic shapes of phylogenetic descent trees for language families reflect particular types, rates, directionalities, and chronologies of spread. Languages move in predictable ways in particular geographical, economic, and social contexts. In this chapter, the linguistic prehistories of four continents are surveyed with regard to linguistic spreads, linguistic diversity, and language family origins.},
	number = {1},
	urldate = {2020-10-23},
	journal = {Annual Review of Anthropology},
	author = {Nichols, Johanna},
	year = {1997},
	note = {\_eprint: https://doi.org/10.1146/annurev.anthro.26.1.359},
	pages = {359--384},
}

@book{nichols_linguistic_2017,
	title = {Linguistic diversity in space and time},
	isbn = {978-0-226-58059-3},
	language = {English},
	author = {Nichols, Johanna},
	year = {2017},
	note = {OCLC: 1083164119},
}

@book{nichols_linguistic_1992,
	address = {Chicago},
	title = {Linguistic diversity in space and time},
	isbn = {978-0-226-58056-2},
	publisher = {University of Chicago Press},
	author = {Nichols, Johanna},
	year = {1992},
}

@book{nichols_linguistic_1992-1,
	address = {Chicago},
	edition = {New Edition},
	title = {Linguistic {Diversity} in {Space} and {Time}},
	isbn = {978-0-226-58056-2},
	abstract = {In this ground-breaking book, Johanna Nichols proposes means of describing, comparing, and interpreting linguistic diversity, both genetic and structural, providing the foundations for a theory of diversity based upon population science. This book will interest linguists, archaeologists, and population specialists."An awe-inspiring book, unequalled in scope, originality, and the range of language data considered."--Anna Siewierska, Linguistics"Fascinating. . . . A brilliant pioneering study."--Journal of Indo-European Studies"A superbly reasoned book."--John A. C. Greppin, Times Literary Supplement},
	language = {Englisch},
	publisher = {UNIV OF CHICAGO PR},
	author = {Nichols, Johanna},
	month = jul,
	year = {1992},
}

@incollection{nichols_comparative_1996,
	address = {New York},
	title = {The comparative method as heuristic},
	booktitle = {The comparative method reviewed: regularity and irregularity in language change},
	publisher = {Oxford University Press},
	author = {Nichols, Johanna},
	editor = {Durie, Mark and Ross, Malcolm},
	year = {1996},
	pages = {39--71},
}

@article{nichols_amerind_1996,
	title = {The {Amerind} {Personal} {Pronouns}},
	volume = {72},
	issn = {00978507},
	url = {https://www.jstor.org/stable/416653?origin=crossref},
	doi = {10.2307/416653},
	language = {en},
	number = {2},
	urldate = {2020-10-24},
	journal = {Language},
	author = {Nichols, Johanna and Peterson, David A.},
	month = jun,
	year = {1996},
	pages = {336},
}

@incollection{newmeyer_reconstruction_2000,
	edition = {1},
	title = {On the {Reconstruction} of ‘{Proto}-{World}’ {Word} {Order}},
	isbn = {978-0-521-78157-2 978-0-521-78696-6 978-0-511-60644-1},
	url = {https://www.cambridge.org/core/product/identifier/CBO9780511606441A033/type/book_part},
	language = {en},
	urldate = {2020-10-20},
	booktitle = {The {Evolutionary} {Emergence} of {Language}},
	publisher = {Cambridge University Press},
	author = {Newmeyer, Frederick J.},
	editor = {Knight, Chris and Studdert-Kennedy, Michael and Hurford, James},
	month = nov,
	year = {2000},
	pages = {372--388},
}

@book{nakayama_art_2014,
	address = {Honolulu},
	title = {The art and practice of grammar writing},
	isbn = {978-0-9856211-4-8},
	url = {http://hdl.handle.net/10125/4590},
	language = {English},
	urldate = {2020-03-02},
	publisher = {University of Hawai'i Press},
	author = {Nakayama, Toshihide and Rice, Keren},
	year = {2014},
	note = {OCLC: 897023049},
}

@article{musschenga_moral_2009,
	title = {Moral {Intuitions}, {Moral} {Expertise} and {Moral} {Reasoning}},
	volume = {43},
	number = {4},
	journal = {Journal of Philosophy of Education},
	author = {Musschenga, Albert W.},
	year = {2009},
	pages = {597--613},
}

@article{murdock_cross-language_1959,
	title = {Cross-{Language} {Parallels} in {Parental} {Kin} {Terms}},
	volume = {1},
	url = {https://www.jstor.org/stable/30022224},
	number = {9},
	journal = {Anthropological Linguistics},
	author = {Murdock, George P.},
	year = {1959},
	pages = {1--5},
}

@article{moroi_comparison_1975,
	title = {Comparison between procaine and isocarboxazid metabolism in vitro by a liver microsomal amidase-esterase},
	volume = {24},
	issn = {1873-2968},
	doi = {10.1016/0006-2952(75)90029-5},
	language = {eng},
	number = {16},
	journal = {Biochemical Pharmacology},
	author = {Moroi, K. and Sato, T.},
	month = aug,
	year = {1975},
	pages = {1517--1521},
}

@book{munster_cosmographia_1544,
	title = {Cosmographia. {Beschreibung} aller {Lender}},
	shorttitle = {Cosmographia. {Beschreibung} aller {Lender} durch {Sebastianum} {Münsterum}},
	url = {http://www.e-rara.ch/zut/2502223},
	abstract = {ETH-Bibliothek (NEBIS). Münster, Sebastian: Cosmographia. Beschreibung aller Lender durch Sebastianum Münsterum: in welcher begriffen aller Voelker, Herrschaften, Stetten, und namhafftiger Flecken, [...]. Getruckt zu Basel : durch Henrichum Petri, 1544},
	language = {de},
	urldate = {2020-10-22},
	author = {Münster, Sebastian},
	year = {1544},
}

@article{mithun_synchronic_1982,
	title = {The {Synchronic} and {Diachronic} {Behavior} of {Plops}, {Squeaks}, {Croaks}, {Sighs}, and {Moans}},
	volume = {48},
	url = {http://www.jstor.org/stable/1264747},
	number = {1},
	journal = {International Journal of American Linguistics},
	author = {Mithun, Marianne},
	year = {1982},
	pages = {49--58},
}

@book{millar_trasks_2015,
	address = {New York},
	edition = {3rd Edition},
	title = {Trask's historical linguistics},
	isbn = {978-0-415-70657-5},
	abstract = {"Trask's Historical Linguistics is an approachable and engaging introduction to historical linguistics - the study of language change over time. This third edition discusses language change, linguistic reconstruction, the birth and death of languages using language examples from around the world. Updated chapters on morphological change and the latest developments in sociolinguistic explanations of variation and change, as well as a brand new companion website with materials for both professors and students, make this third edition of Trask's Historical Linguistics indispensable for all students of language, linguistics and related disciplines"--},
	publisher = {Routledge},
	editor = {Millar, Robert McColl},
	year = {2015},
}

@book{mikulincer_social_2012,
	address = {Washington, D.C},
	title = {The social psychology of morality: exploring the causes of good and evil},
	isbn = {978-1-4338-1011-4},
	shorttitle = {The social psychology of morality},
	publisher = {American Psychological Association},
	editor = {Mikulincer, Mario and Shaver, Phillip R.},
	year = {2012},
}

@article{micelli_non-electrolyte_1978,
	title = {Non-electrolyte permeability through black lipid membranes with different surface charge},
	volume = {86},
	issn = {0003-9799},
	doi = {10.3109/13813457809069527},
	abstract = {The permeability coefficients of some non-electrolytes has been measured across black lipid membranes of different composition. Large discrepancies between permeability coefficients and oil-water partition coefficients has been observed. The discrepancy level seems to be related to the degree of organization of the membrane.},
	language = {eng},
	number = {4},
	journal = {Archives Internationales De Physiologie Et De Biochimie},
	author = {Micelli, S. and Galucci, E. and Lippe, C.},
	year = {1978},
	pages = {755--759},
}

@book{metcalf_language_2013,
	address = {Amsterdam, NETHERLANDS, THE},
	title = {On {Language} {Diversity} and {Relationship} from {Bibliander} to {Adelung}},
	isbn = {978-90-272-7149-5},
	url = {http://ebookcentral.proquest.com/lib/unibern/detail.action?docID=1367669},
	urldate = {2020-10-22},
	publisher = {John Benjamins Publishing Company},
	author = {Metcalf, George J.},
	editor = {Van Hal, Toon and Van Rooy, Raf},
	year = {2013},
}

@incollection{metcalf_indo-european_1974,
	address = {Bloomington, london},
	title = {The {Indo}-{European} {Hypothesis} in the {Sixteenth} and {Seventeenth} {Centuries}},
	booktitle = {Studies in the history of linguistics: traditions and paradigms},
	publisher = {Indiana University Press},
	author = {Metcalf, George J.},
	editor = {Hymes, Dell},
	year = {1974},
	pages = {233--257},
}

@book{meillet_methode_1925,
	title = {La méthode comparative en linguistique historique},
	url = {https://gallica.bnf.fr/ark:/12148/bpt6k934150p},
	abstract = {La méthode comparative en linguistique historique / par A. Meillet -- 1925 -- livre},
	language = {DE},
	urldate = {2020-10-23},
	author = {Meillet, Antoine},
	year = {1925},
}

@book{millar_trasks_2015-1,
	address = {New York},
	edition = {3rd Edition},
	title = {Trask's historical linguistics},
	isbn = {978-0-415-70657-5},
	abstract = {"Trask's Historical Linguistics is an approachable and engaging introduction to historical linguistics - the study of language change over time. This third edition discusses language change, linguistic reconstruction, the birth and death of languages using language examples from around the world. Updated chapters on morphological change and the latest developments in sociolinguistic explanations of variation and change, as well as a brand new companion website with materials for both professors and students, make this third edition of Trask's Historical Linguistics indispensable for all students of language, linguistics and related disciplines"--},
	publisher = {Routledge},
	editor = {Millar, Robert McColl and Trask, R. L.},
	year = {2015},
}

@book{meillet_linguistique_1982,
	address = {Genève},
	edition = {Réimpr. de l'éd. 1975},
	series = {Collection linguistique},
	title = {Linguistique historique et linguistique générale},
	isbn = {978-2-05-100398-8},
	number = {8},
	publisher = {Slatkine [u.a.]},
	author = {Meillet, Antoine},
	year = {1982},
	note = {OCLC: 174712668},
}

@book{meillet_linguistique_1982-1,
	address = {Paris},
	edition = {Réimpr. de l'éd. 1975},
	series = {Collection linguistique},
	title = {Linguistique historique et linguistique générale},
	number = {8},
	publisher = {Champion},
	author = {Meillet, Antoine},
	year = {1982},
}

@book{mcmahon_language_2005,
	address = {Oxford : New York},
	series = {Oxford linguistics},
	title = {Language classification by numbers},
	isbn = {978-0-19-927901-2 978-0-19-927902-9},
	publisher = {Oxford University Press},
	author = {McMahon, April M. S. and McMahon, Robert},
	year = {2005},
}

@book{mcmahon_evolutionary_2013,
	address = {Cambridge [England]},
	series = {Cambridge textbooks in linguistics},
	title = {Evolutionary linguistics},
	isbn = {978-0-521-81450-8 978-0-521-89139-4},
	abstract = {"How did the biological, brain and behavioural structures underlying human language evolve? When, why and where did our ancestors become linguistic animals, and what has happened since? This book provides a clear, comprehensive but lively introduction to these interdisciplinary debates. Written in an approachable style, it cuts through the complex, sometimes contradictory and often obscure technical languages used in the different scientific disciplines involved in the study of linguistic evolution. Assuming no background knowledge in these disciplines, the book outlines the physical and neurological structures underlying language systems, and the limits of our knowledge concerning their evolution. Discussion questions and further reading lists encourage students to explore the primary literature further, and the final chapter demonstrates that while many questions still remain unanswered, there is a growing consensus as to how modern human languages have arisen as systems by the interplay of evolved structures and cultural transmission"--},
	publisher = {Cambridge University Press},
	author = {McMahon, April M. S. and McMahon, Robert},
	year = {2013},
}

@book{mccain_best_2017,
	address = {Oxford, United Kingdom ; New York, NY},
	edition = {First edition},
	title = {Best explanations: new essays on inference to the best explanation},
	isbn = {978-0-19-874690-4},
	shorttitle = {Best explanations},
	abstract = {Twenty philosophers offer new essays examining the form of reasoning known as inference to the best explanation - widely used in science and in our everyday lives, yet still controversial. Best Explanations represents the state of the art when it comes to understanding, criticizing, and defending this form of reasoning},
	publisher = {Oxford University Press},
	editor = {McCain, Kevin and Poston, Ted},
	year = {2017},
	note = {OCLC: ocn987357457},
}

@misc{mayes_theories_nodate,
	title = {Theories of {Explanation} {\textbar} {Internet} {Encyclopedia} of {Philosophy}},
	url = {https://iep.utm.edu/explanat/},
	language = {en-US},
	urldate = {2020-09-26},
	author = {Mayes, G. Randolph},
}

@book{meillet_linguistique_2015,
	address = {Limoges},
	title = {Linguistique historique et linguistique générale},
	isbn = {978-2-35935-140-8},
	language = {fre},
	publisher = {Lambert-Lucas},
	author = {Meillet, Antoine},
	editor = {Ragot, Pierre},
	year = {2015},
}

@book{mcwhorter_power_2011,
	title = {The {Power} {Of} {Babel}: a {Natural} {History} of {Language}},
	isbn = {978-1-4464-7240-8},
	shorttitle = {The {Power} {Of} {Babel}},
	language = {English},
	author = {McWhorter, John},
	year = {2011},
	note = {OCLC: 1004571471},
}

@article{mcmahon_linguistics_1995,
	title = {Linguistics, genetics and archaeology: internal and external evidence in the {Amerind} controversy,},
	volume = {93},
	journal = {Transactions of the Philological Society},
	author = {McMahon, April and McMahon, Robert},
	year = {1995},
	pages = {125--225},
}

@article{maurits_tracing_2014,
	title = {Tracing the roots of syntax with {Bayesian} phylogenetics},
	volume = {111},
	issn = {0027-8424, 1091-6490},
	url = {http://www.pnas.org/lookup/doi/10.1073/pnas.1319042111},
	doi = {10.1073/pnas.1319042111},
	language = {en},
	number = {37},
	urldate = {2020-10-29},
	journal = {Proceedings of the National Academy of Sciences},
	author = {Maurits, Luke and Griffiths, Thomas L.},
	month = sep,
	year = {2014},
	pages = {13576--13581},
}

@book{matras_language_2009,
	address = {Cambridge, UK ; New York},
	series = {Cambridge textbooks in linguistics},
	title = {Language contact},
	isbn = {978-0-521-82535-1 978-0-521-53221-1},
	publisher = {Cambridge University Press},
	author = {Matras, Yaron},
	year = {2009},
	note = {OCLC: ocn318672987},
}

@article{matisoff_megalocomparison_1990,
	title = {On megalocomparison},
	volume = {66},
	journal = {Language},
	author = {Matisoff, James},
	year = {1990},
	pages = {106--120},
}

@article{makar_formate_1975,
	title = {Formate assay in body fluids: application in methanol poisoning},
	volume = {13},
	issn = {0006-2944},
	shorttitle = {Formate assay in body fluids},
	doi = {10.1016/0006-2944(75)90147-7},
	language = {eng},
	number = {2},
	journal = {Biochemical Medicine},
	author = {Makar, A. B. and McMartin, K. E. and Palese, M. and Tephly, T. R.},
	month = jun,
	year = {1975},
	pages = {117--126},
}

@incollection{machery_evolution_2010,
	address = {Oxford ; New York},
	title = {Evolution of morality},
	booktitle = {the moral psychology handbook},
	publisher = {Oxford University Press},
	author = {Machery, Edouard and Mallon, Ron},
	year = {2010},
	pages = {3--46},
}

@book{lipton_inference_2004,
	address = {London; New York},
	title = {Inference to the best explanation},
	isbn = {978-0-203-47085-5 978-1-134-54827-9},
	url = {http://site.ebrary.com/id/10100036},
	language = {English},
	urldate = {2020-09-27},
	publisher = {Routledge/Taylor and Francis Group},
	author = {Lipton, Peter},
	year = {2004},
	note = {OCLC: 266991468},
}

@article{lees_basis_1953,
	title = {The {Basis} of {Glottochronology}},
	volume = {29},
	issn = {00978507},
	url = {https://www.jstor.org/stable/410164?origin=crossref},
	doi = {10.2307/410164},
	language = {en},
	number = {2},
	urldate = {2020-10-31},
	journal = {Language},
	author = {Lees, Robert B.},
	month = apr,
	year = {1953},
	pages = {113},
}

@misc{lanius_mit_2018,
	title = {Mit {Argdown} {Argumente} rekonstruieren und visualisieren},
	url = {https://forum-streitkultur.de/argdown/},
	abstract = {Argdown ist eine einfache Syntax für die Rekonstruktion, Darstellung und Analyse von Argumentationen. Argdown ist von den Entwicklern von Argunet.},
	language = {de-DE},
	urldate = {2020-08-28},
	journal = {Forum für Streitkultur},
	author = {Lanius, David},
	month = jun,
	year = {2018},
}

@book{lamb_sprung_1991,
	address = {Stanford, Calif},
	title = {Sprung from {Some} {Common} {Source}: {Investigations} into the {Prehistory} of {Languages}},
	isbn = {978-0-8047-1897-4},
	shorttitle = {Sprung from {Some} {Common} {Source}},
	abstract = {With its range focused on Indo-European and extending across Eurasia and into the Americas, this collection of seventeen studies investigates various aspects of the long-range comparison and classification of Indo-European and other major language groups. Some of them confront the controversial question of whether Indo-European and certain other language families had, extending the celebrated phrase of Sir William Jones in 1786, 'sprung from some common source'. With comparative linguistics of recent decades in danger of stifling from an excess of caution, the quest for the answer to that question has now been broadened to attempt to find a deeper common source than Proto-Indo-European. This volume surveys the progress of the genetic classification of languages over the years, records recent developments, and points to abundant opportunities for future research. The contributors - some of the world's leading investigators of the genetic classification of languages - have adopted a broad outlook, looking beyond comparative Indo-European linguistics in two ways: first, by looking at genetic relationships outside of the Indo-European family, toward common sources more remote in time even than Proto-Indo-European, and, second, by looking beyond the grammar and phonology of Indo-European into the mythology, religion, and cultures of the early Indo-Europeans. The volume is in five parts. Part I contains a general introduction and a study of the work and influence of Sir William Jones. Part II discusses the languages and cultures of the Indo-Europeans and presents an archaeological insight into the peoples who preceded them. Part III presents a historical perspective on some problems of Indo-European and describes some recent work on various hypothesized relationships of Indo-European to other linguistic stocks, some of them far-reaching and controversial. Part IV surveys such potential cousins of Indo-European as Uralic, Altaic, and Kartvelian. P art V deals with methods of investigation, including a cautionary note to researchers who might exceed their evidence or be too hasty in positing distant genetic relationships, techniques that can be used to refine lexicostatistical studies, and a computer program for developing and testing hypotheses of distant relationships. The book is illustrated with 1 halftone, 34 line drawings, and 9 maps.{\textless}},
	language = {English},
	editor = {Lamb, Professor Sydney M. and Mitchell, E. Douglas and Douglas, Mitchell E.},
	year = {1991},
}

@book{laks_origin_2008,
	address = {London; Oakville, CT},
	title = {Origin and evolution of languages: approaches, models, paradigms},
	isbn = {978-1-84553-204-8},
	shorttitle = {Origin and evolution of languages},
	publisher = {Equinox},
	editor = {Laks, Bernard},
	year = {2008},
	note = {OCLC: ocn131064661},
}

@article{lipton_inference_2000,
	title = {Inference to the {Best} {Explanation}},
	language = {en},
	journal = {A Companion to the Philosophy of Science},
	author = {Lipton, Peter},
	editor = {Newton-Smith, W.H.},
	year = {2000},
	pages = {184--198},
}

@book{klar_american_2011,
	title = {American {Indian} and {Indoeuropean} {Studies}: {Papers} in {Honor} of {Madison} {S}. {Beeler}},
	isbn = {978-3-11-080868-1},
	shorttitle = {American {Indian} and {Indoeuropean} {Studies}},
	url = {https://doi.org/10.1515/9783110808681},
	language = {English},
	urldate = {2020-10-23},
	editor = {Klar, Kathryn and Langdon, Margaret and Silver, Shirley},
	year = {2011},
	note = {OCLC: 979883097},
}

@incollection{joseph_historical_2006,
	address = {Berlin ; New York},
	title = {The historical and cultural dimensions in grammar formation: {The} case of {Modern} {Greek}},
	booktitle = {Catching language: the standing challenge of grammar writing},
	publisher = {M. de Gruyter},
	author = {Joseph, Brian},
	editor = {Ameka, Felix K. and Dench, Alan and Evans, Nicholas},
	year = {2006},
	pages = {549--564},
}

@incollection{jones_third_1807,
	address = {London},
	title = {Third anniversary discourse: on the {Hindus}. delivered 2d of {February}, 1786},
	booktitle = {The works of {Sir} {William} {Jones}},
	author = {Jones, Sir William},
	editor = {Teignmouth, Lord},
	year = {1807},
	pages = {24--46},
}

@book{kellermann_diachrony_1992,
	address = {Frankfurt a. M. ; New York},
	series = {Duisburger {Arbeiten} zur {Sprach}- und {Kulturwissenschaft}, {Duisburg} papers on research in language and culture},
	title = {Diachrony within synchrony--language history and cognition: papers from the international symposium at the {University} of {Duisburg}, 26-28 {March} 1990},
	isbn = {978-3-631-45112-0},
	shorttitle = {Diachrony within synchrony--language history and cognition},
	number = {Bd. 14 =},
	publisher = {P. Lang},
	editor = {Kellermann, Günter and Morrissey, Michael D.},
	year = {1992},
}

@incollection{joseph_language_2003,
	address = {Malden, MA},
	title = {on language, change, and language change – or, of history, linguistics, and historical linguistics},
	booktitle = {The handbook of historical linguistics},
	publisher = {Blackwell Pub},
	author = {Joseph, Brian D. and Janda, Richard D.},
	editor = {Joseph, Brian D. and Janda, Richard D.},
	year = {2003},
	pages = {3--180},
}

@book{joseph_handbook_2003,
	address = {Malden, MA},
	series = {Blackwell handbooks in linguistics},
	title = {The handbook of historical linguistics},
	isbn = {978-0-631-19571-9},
	publisher = {Blackwell Pub},
	editor = {Joseph, Brian D. and Janda, Richard D.},
	year = {2003},
}

@incollection{jones_notitle_1807,
	address = {London},
	volume = {1},
	booktitle = {The {Third} {Anniversary} {Discourse}, on the {Hindus}, delivered 2d of {February}, 1786},
	author = {Jones, Sir William},
	year = {1807},
	pages = {24--46},
}

@book{jakobson_selected_1962,
	title = {Selected writings},
	url = {http://archive.org/details/selectedwritings01jako},
	abstract = {Includes bibliographies and indexes; 1. Phonological studies -- 2. Word and language -- 3. Poetry of grammar and grammar of poetry -- 4. Slavic epic studies -- 5. On verse, its masters and explorers -- 6. Early Slavic paths and crossroads. pt.1. Comparative Slavic studies: The Cyrillo-Methodian tradition. pt.2. Medieval Slavic studies -- 7. Contributions to comparative mythology. Studies in linguistics and philology, 1972-1982 -- 8. Completion volume one: Major works, 1976-1980},
	language = {eng},
	urldate = {2020-09-22},
	publisher = {s-Gravenhage : Mouton},
	author = {Jakobson, Roman},
	year = {1962},
}

@article{jager_phylogenetic_2013,
	title = {Phylogenetic inference from word lists using weighted alignment with empirically determined weights},
	abstract = {Abstract The paper investigates the task of inferring a phylogenetic tree of languages from the collection of word lists made available by the Automated Similarity Judgment Project. This task involves three steps: (1) computing pairwise word distances, (2) aggregating word distances to a distance measure between languages and inferring a phylogenetic tree from these distances, and (3) evaluating the result by comparing it to expert classiﬁcations. For the ﬁrst task, weighted alignment will be used and a method to determine weights empirically will be presented. For the second task a novel method will be developed that attempts to minimize the bias resulting from missing data. For the third task, several methods from the literature will be applied to a large collection of language samples to enable statistical testing. It will be shown that the language distance measure proposed here leads to substantially more accurate phylogenies than a method relying on unweighted Levenshtein distances between words.},
	language = {en},
	author = {Jäger, Gerhard},
	year = {2013},
}

@article{jager_global-scale_2018,
	title = {Global-scale phylogenetic linguistic inference from lexical resources},
	volume = {5},
	issn = {2052-4463},
	url = {http://arxiv.org/abs/1802.06079},
	doi = {10.1038/sdata.2018.189},
	abstract = {Automatic phylogenetic inference plays an increasingly important role in computational historical linguistics. Most pertinent work is currently based on expert cognate judgments. This limits the scope of this approach to a small number of well-studied language families. We used machine learning techniques to compile data suitable for phylogenetic inference from the ASJP database, a collection of almost 7,000 phonetically transcribed word lists over 40 concepts, covering two third of the extant world-wide linguistic diversity. First, we estimated Pointwise Mutual Information scores between sound classes using weighted sequence alignment and general-purpose optimization. From this we computed a dissimilarity matrix over all ASJP word lists. This matrix is suitable for distance-based phylogenetic inference. Second, we applied cognate clustering to the ASJP data, using supervised training of an SVM classifier on expert cognacy judgments. Third, we defined two types of binary characters, based on automatically inferred cognate classes and on sound-class occurrences. Several tests are reported demonstrating the suitability of these characters for character-based phylogenetic inference.},
	number = {1},
	urldate = {2020-10-29},
	journal = {Scientific Data},
	author = {Jäger, Gerhard},
	year = {2018},
}

@book{jablonski_origin_1998,
	address = {San Francisco, Calif},
	title = {The origin and diversification of language},
	isbn = {978-0-940228-46-7},
	language = {English},
	publisher = {California Academy of Sciences},
	editor = {Jablonski, Nina G and Aiello, Leslie C},
	year = {1998},
	note = {OCLC: 901457567},
}

@book{hymes_studies_1974,
	address = {Bloomington},
	series = {Indiana {University} studies in the history and theory of linguistics},
	title = {Studies in the history of linguistics: traditions and paradigms},
	isbn = {978-0-253-35559-1},
	shorttitle = {Studies in the history of linguistics},
	publisher = {Indiana University Press},
	editor = {Hymes, Dell H.},
	year = {1974},
}

@article{hymes_positional_1955,
	title = {Positional {Analysis} of {Categories}: {A} {Frame} for {Reconstruction}},
	volume = {11},
	issn = {0043-7956, 2373-5112},
	shorttitle = {Positional {Analysis} of {Categories}},
	url = {http://www.tandfonline.com/doi/full/10.1080/00437956.1955.11659547},
	doi = {10.1080/00437956.1955.11659547},
	language = {en},
	number = {1},
	urldate = {2020-10-23},
	journal = {WORD},
	author = {Hymes, Dell H.},
	month = apr,
	year = {1955},
	pages = {10--23},
}

@article{hymes_na-dene_1956,
	title = {Na-{Déné} and {Positional} {Analysis} of {Categories}},
	volume = {58},
	url = {https://www.jstor.org/stable/666161},
	number = {4},
	urldate = {2020-10-23},
	journal = {American Anthropologist},
	author = {Hymes, Dell H.},
	year = {1956},
	pages = {624--638},
}

@book{noauthor_hoffnung_2004,
	address = {Basel; Gießen},
	title = {Hoffnung für alle - die {Bibel}},
	isbn = {978-3-7655-6066-8 978-3-7655-6067-5 978-3-7655-6045-3},
	language = {German},
	publisher = {Brunnen-Verl.},
	year = {2004},
	note = {OCLC: 76684692},
}

@book{jager_lingua_1686,
	address = {Wittenberg},
	title = {De lingua vetustissima {Europae}, {Scytho}-{Celtica} et {Gothica}},
	author = {Jäger, Andreas},
	year = {1686},
}

@article{jager_inferring_2016,
	title = {Inferring {The} {World} {Tree} {Of} {Languages} {From} {Word} {Lists}},
	language = {en},
	author = {Jäger, Gerhard and Wichmann, Soeren},
	year = {2016},
}

@book{hume_treatise_2009,
	address = {Waiheke Island},
	title = {A treatise of human nature: being an attempt to introduce the experimental method of reasoning into moral subjects},
	isbn = {978-1-77541-067-6},
	shorttitle = {A treatise of human nature},
	url = {https://search.ebscohost.com/login.aspx?direct=true&scope=site&db=nlebk&db=nlabk&AN=313942},
	abstract = {Annotation},
	language = {English},
	urldate = {2020-11-04},
	publisher = {Floating Press},
	author = {Hume, David},
	year = {2009},
	note = {OCLC: 589506983},
}

@book{hume_treatise_2005,
	address = {New York, N.Y.},
	title = {A treatise of human nature},
	isbn = {978-0-7607-7172-3},
	abstract = {Influencing ethics, metaphysics, and philosophy of science, this work in philosophy is of interest to professional academic philosophers. It also serves as one of the best introductions to philosophy - to what philosophers really do - for the novice.},
	language = {English},
	publisher = {Barnes \& Noble},
	author = {Hume, David},
	year = {2005},
	note = {OCLC: 404025944},
}

@book{hock_language_2019,
	address = {Berlin ; Boston},
	edition = {3rd revised edition},
	series = {Mouton {Textbook}},
	title = {Language history, language change, and language relationship: an introduction to historical and comparative linguistics},
	isbn = {978-3-11-060969-1},
	shorttitle = {Language history, language change, and language relationship},
	publisher = {de Gruyter},
	author = {Hock, Hans Henrich and Joseph, Brian D.},
	year = {2019},
}

@book{harris_landmarks_2005,
	title = {Landmarks {In} {Linguistic} {Thought} {Volume} {I}: the {Western} {Tradition} {From} {Socrates} {To} {Saussure}.},
	isbn = {978-0-203-97697-5},
	shorttitle = {Landmarks {In} {Linguistic} {Thought} {Volume} {I}},
	url = {http://public.ebookcentral.proquest.com/choice/publicfullrecord.aspx?p=240244},
	abstract = {By introducing the reader to the main issues and themes that have determined the development of the Western linguistic tradition, an evolution of linguistic thought quickly becomes apparent. Each chapter in this accessible book contains a short extract from a l̀andmark' text followed by a commentary which places the text in its social and intellectual context. The authors, who consider writers from Aristotle to Caxton to Saussure, have fully revised the original edition ofthis text. Complete with two new chapters on Bishop John Wilkins and Frege, a revised preface and updated bibliography, this book will be invaluable to anyone with an interest in the History of Linguistics, or the History of Western Thought.},
	language = {English},
	urldate = {2020-10-01},
	publisher = {Routledge},
	author = {Harris, Roy and Taylor, Talbot},
	year = {2005},
	note = {OCLC: 1048518580},
}

@book{harris_historical_1995,
	title = {Historical {Syntax} in {Cross}-{Linguistic} {Perspective}},
	isbn = {978-0-511-62055-3 978-0-521-47294-4 978-0-521-47881-6},
	url = {http://dx.doi.org/10.1017/CBO9780511620553},
	language = {English},
	urldate = {2020-10-21},
	author = {Harris, Alice C and Campbell, Lyle},
	year = {1995},
	note = {OCLC: 1167630736},
}

@book{hock_principles_2009,
	address = {Berlin; New York},
	title = {Principles of {Historical} {Linguistics}},
	isbn = {978-3-11-021913-5},
	url = {https://www.degruyter.com/view/title/12250},
	abstract = {{\textless}p{\textgreater}Historical linguistic theory and practice contains a great number of different 'layers' which have been accepted in the course of time and have acquired a permanency of their own. These range from neogrammarian conceptualizations of sound change and analogy to present-day ideas on rule change and language mixture. To get a full grasp of the principles of historical linguistics it is therefore necessary to understand the nature and justifications (or shortcomings) of each of these 'layers', not just to look for a single 'overarching' theory. The major purpose of the book is to provide in up-to-date form such an understanding of the principles of historical linguistics and the related fields of comparative linguistics and linguistic reconstruction. In addition, the book provides a very broad exemplification of the principles of historical linguistics.{\textless}/p{\textgreater}},
	language = {en},
	urldate = {2020-10-26},
	publisher = {Mouton de Gruyter},
	author = {Hock, Hans Henrich},
	month = sep,
	year = {2009},
}

@article{hockett_origins_1960,
	title = {The origins of speech},
	volume = {208},
	urldate = {2020-10-20},
	journal = {Scientific American},
	author = {Hockett, Charles F.},
	year = {1960},
	pages = {88--96},
}

@book{hawkins_evolution_1992,
	address = {Redwood City, Calif},
	title = {The {Evolution} {Of} {Human} {Languages}},
	isbn = {978-0-201-52572-4},
	abstract = {Complex adaptive systems are all around us, and include such diverse examples as the immune system, the world economy, and the study of language. The evolution of human languages has been the most recent research activity of the Santa Fe Institute. Among the themes of this research are the search for general principles of complex adaptive systems, their broad implications, and how the study of language contributes to, and learns from, the general questions of complexity and evolution. In addition, such diverse topics as dating and origin of human language; the relationship between complexity, evolution, and the similarities and regularities in grammatical processes across language; the evolution of language universals; the phylogeny of language; the role of complexity in language change; and language acquisition by children are all explored.},
	language = {Englisch},
	publisher = {Westview Press},
	editor = {Hawkins, John A. and Gell-mann, Murray},
	year = {1992},
}

@incollection{harrison_limits_2003,
	address = {Malden, MA},
	title = {On the {Limits} of the {Comparative} {Method}},
	booktitle = {The handbook of historical linguistics},
	publisher = {Blackwell Pub},
	author = {Harrison, S.P.},
	editor = {Joseph, Brian and Janda, Richard D.},
	year = {2003},
	pages = {213--243},
}

@article{harman_inference_1965,
	title = {The {Inference} to the {Best} {Explanation}},
	volume = {74},
	language = {en},
	number = {1},
	journal = {The Philosophical Review},
	author = {Harman, Gilbert H},
	year = {1965},
	pages = {88--95},
}

@book{hale_historical_2007,
	address = {Malden, MA ; Oxford},
	series = {Blackwell textbooks in linguistics},
	title = {Historical linguistics: theory and method},
	isbn = {978-0-631-19661-7 978-0-631-19662-4},
	shorttitle = {Historical linguistics},
	number = {21},
	publisher = {Blackwell Pub},
	author = {Hale, Mark},
	year = {2007},
	note = {OCLC: ocm71004089},
}

@article{haidt_emotional_2001,
	title = {The emotional dog and its rational tail: {A} social intuitionist approach to moral judgment.},
	volume = {108},
	issn = {1939-1471, 0033-295X},
	shorttitle = {The emotional dog and its rational tail},
	url = {http://doi.apa.org/getdoi.cfm?doi=10.1037/0033-295X.108.4.814},
	doi = {10.1037/0033-295X.108.4.814},
	language = {en},
	number = {4},
	urldate = {2020-11-14},
	journal = {Psychological Review},
	author = {Haidt, Jonathan},
	year = {2001},
	pages = {814--834},
}

@book{gyarmathi_grammatical_1983,
	address = {Amsterdam},
	series = {Amsterdam studies in the theory and history of linguistic science {Series} 1, {Amsterdam} classics in linguistics, 1800 - 1925},
	title = {Grammatical proof of the affinity of the {Hungarian} language with languages of {Fennic} origin},
	isbn = {978-90-272-0976-4},
	language = {eng hun},
	number = {15},
	publisher = {Benjamins},
	author = {Gyarmathi, Sámuel},
	translator = {Hanzeli, Victor E.},
	year = {1983},
	note = {OCLC: 239795939},
}

@article{guy_merritt_1995,
	title = {Merritt {Ruhlen}: {On} the {Origin} of {Languages}, book review,},
	volume = {90},
	journal = {Anthropos: revue internationale d'ethnologie et de linguistique},
	author = {Guy, J.},
	year = {1995},
	pages = {638--639},
}

@book{gurov_kusunda_1989,
	address = {Moskau},
	title = {Kusunda – sinokavkazskie leksicheskie paralleli. {Lingvisticheskaja} rekonstrukcija {I} drevnejshaja istorija vostoka},
	publisher = {Izdatel’stvo ‘Nauka’},
	author = {Gurov, Nikita Vladimirovich},
	year = {1989},
}

@article{gudschinsky_abcs_1956,
	title = {The {ABC}'{S} of {Lexicostatistics} ({Glottochronology})},
	volume = {12},
	issn = {0043-7956, 2373-5112},
	url = {http://www.tandfonline.com/doi/full/10.1080/00437956.1956.11659599},
	doi = {10.1080/00437956.1956.11659599},
	language = {en},
	number = {2},
	urldate = {2020-10-31},
	journal = {WORD},
	author = {Gudschinsky, Sarah C.},
	month = aug,
	year = {1956},
	pages = {175--210},
}

@article{greene_how_2002,
	title = {How (and where) does moral judgment work?},
	volume = {6},
	number = {12},
	urldate = {2020-01-01},
	journal = {TRENDS in Cognitive Sciences},
	author = {Greene, Joshua D. and Haidt, Jonathan},
	year = {2002},
	pages = {517--523},
}

@incollection{greene_cognitive_2020,
	address = {Cambridge, MA},
	edition = {Sixth edition},
	title = {The {Cognitive} {Neuroscience} of {Moral} {Judgment} and {Decision}-{Making}},
	booktitle = {The cognitive neurosciences},
	publisher = {MIT Press},
	author = {Greene, Joshua D. and Young, Liane},
	editor = {Poeppel,, D. and Mangun,, G.R. and Gazzaniga,, M.S.},
	year = {2020},
	pages = {1003--1013},
}

@misc{gruber_daring_2004,
	title = {Daring {Fireball}: {Markdown}},
	url = {https://daringfireball.net/projects/markdown/},
	urldate = {2020-08-28},
	author = {Gruber, John},
	year = {2004},
}

@article{greene_fmri_2001,
	title = {An {fMRI} {Investigation} of {Emotional} {Engagement} in {Moral} {Judgment}},
	volume = {293},
	issn = {00368075, 10959203},
	url = {https://www.sciencemag.org/lookup/doi/10.1126/science.1062872},
	doi = {10.1126/science.1062872},
	number = {5537},
	urldate = {2020-11-16},
	journal = {Science},
	author = {Greene, J. D. and Sommerville, R. Brian and Nystrom, Leigh E. and Darley, John M. and Cohen, Jonathan D.},
	month = sep,
	year = {2001},
	pages = {2105--2108},
}

@article{greene_fmri_2001-1,
	title = {An {fMRI} {Investigation} of {Emotional} {Engagement} in {Moral} {Judgment}},
	number = {293},
	urldate = {2020-01-01},
	journal = {Science},
	author = {Greene, Joshua D. and Sommerville, R. Brian and Nystrom, Leigh E. and Darley, John M. and Cohen, Jonathan D.},
	month = sep,
	year = {2001},
	pages = {2105--2108},
}

@incollection{greene_cognitive_2020-1,
	address = {Cambridge, MA},
	edition = {Sixth edition},
	title = {The {Cognitive} {Neuroscience} of {Moral} {Judgment} and {Decision}-{Making}},
	booktitle = {The cognitive neurosciences},
	publisher = {The MIT Press},
	author = {Greene, Joshua D. and Young, Liane and Poeppel, David and Mangun, G. R. and Gazzaniga, Michael},
	year = {2020},
	pages = {1003--1013},
}

@incollection{greene_cognitive_2020-2,
	title = {The {Cognitive} {Neuroscience} of {Moral} {Judgment} and {Decision}-{Making}.},
	volume = {6},
	booktitle = {The {Cognitive} {Neurosciences}},
	publisher = {MIT Press},
	author = {Greene, Joshua D. and Young, Liane},
	editor = {Gazzaniga, Michael},
	year = {2020},
	pages = {1005--1015},
}

@article{greenberg_rethinking_1979,
	title = {Rethinking {Linguistics} {Diachronically}},
	volume = {55},
	number = {2},
	urldate = {2020-04-04},
	journal = {Language},
	author = {Greenberg, Joseph},
	year = {1979},
	pages = {275--290},
}

@article{greenberg_linguistic_1992,
	title = {Linguistic {Origins} of {Native} {Americans}},
	volume = {267},
	issn = {0036-8733},
	url = {http://www.nature.com/doifinder/10.1038/scientificamerican1192-94},
	doi = {10.1038/scientificamerican1192-94},
	language = {en},
	number = {5},
	urldate = {2020-09-18},
	journal = {Scientific American},
	author = {Greenberg, Joseph H. and Ruhlen, Merritt},
	month = nov,
	year = {1992},
	pages = {94--99},
}

@book{greenberg_language_1987,
	address = {Stanford, Calif},
	title = {Language in the {Americas}},
	isbn = {978-0-8047-1315-3},
	abstract = {This book is concerned primarily with the evidence for the validity of a genetic unit, Amerind, embracing the vast majority of New World languages. The only languages excluded are those belonging to the Na-Dene and Eskimo- Aleut families. It examines the now widely held view that Haida, the most distant language genetically, is not to be included in Na-Dene. It confined itself to Sapir's data, although the evidence could have been buttressed considerably by the use of more recent materials. What survives is a body of evidence superior to that which could be adduced under similar restrictions for the affinity of Albanian, Celtic, and Armenian, all three universally recognized as valid members of the Indo-European family of languages. A considerable number of historical hypotheses emerge from the present and the forthcoming volumes. Of these, the most fundamental bears on the question of the peopling of the Americas. If the results presented in this volume and in the companion volume on Eurasiatic are valid, the classification of the world's languages based on genetic criteria undergoes considerable simplification.},
	language = {Englisch},
	publisher = {Stanford University Press},
	author = {Greenberg, Joseph H.},
	month = jun,
	year = {1987},
}

@book{greenberg_genetic_2005,
	address = {Oxford ; New York},
	title = {Genetic linguistics: essays on theory and method},
	isbn = {978-0-19-925771-3 978-0-19-925772-0},
	shorttitle = {Genetic linguistics},
	publisher = {Oxford University Press},
	author = {Greenberg, Joseph H.},
	editor = {Croft, William},
	year = {2005},
	note = {OCLC: ocm59811210},
}

@incollection{greenberg_general_1960,
	address = {Philadelphia},
	title = {The {General} {Classification} of {Central} and {South} {American} {Languages}},
	isbn = {978-1-5128-1952-6},
	url = {https://www.degruyter.com/doi/10.9783/9781512819526-121},
	urldate = {2020-10-06},
	booktitle = {Men and {Cultures}},
	publisher = {University of Pennsylvania Press},
	author = {Greenberg, Joseph H.},
	editor = {Wallace, Anthony F. C.},
	month = jan,
	year = {1960},
	pages = {791--794},
}

@article{graffi_origin_2019,
	title = {Origin of language and origin of languages},
	volume = {1},
	issn = {2589-1588, 2589-1596},
	url = {http://www.jbe-platform.com/content/journals/10.1075/elt.00002.gra},
	doi = {10.1075/elt.00002.gra},
	abstract = {Abstract
            The question of monogenesis vs. polygenesis of human languages was essentially neglected by contemporary
                    linguistics until the appearance of the research on the genetics of human populations by L. L. Cavalli-Sforza and his
                    collaborators, which brought to light very exciting parallels between the distribution of human populations and that of language
                    families. The present paper highlights some aspects of the history of the problem and some points of the contemporary discussion.
                    We first outline the “Biblical paradigm”, which persisted until the 18th century even in scientific milieus. Then, we outline some
                    aspects of the 19th century debate about monogenesis vs. polygenesis of languages and about the relationships between languages
                    and human populations: in particular, we will discuss the views of Darwin on the one hand and of some linguists on the other
                    (Schleicher, M. Müller, Whitney and Trombetti). It will be seen that their positions only partly coincide; at any rate, it will be
                    shown that Darwin was partly inspired by the problems of the genealogy of languages and that the linguists, for their part, took
                    account of Darwin’s views. Turning to today’s debate, we first present the positions of the linguists arguing for monogenesis,
                    namely J. Greenberg and M. Ruhlen, as well as the criticisms raised against their methods by the majority of linguists. Other
                    scholars, such as D. Bickerton or N. Chomsky, essentially argue, from different points of view, that the problem of monogenesis
                    vs. polygenesis of languages is a “pseudo-problem”. We however think that, although the question cannot be reasonably solved by
                    linguistic means, it cannot be discarded as meaningless: it is an anthropological rather than a linguistic problem. We present
                    some reflections and suggestions, in the light of which the monogenetic hypothesis appears as more tenable than the polygenetic
                    one.},
	language = {en},
	number = {1},
	urldate = {2020-11-05},
	journal = {Evolutionary Linguistic Theory},
	author = {Graffi, Giorgio},
	month = apr,
	year = {2019},
	pages = {6--23},
}

@article{greenberg_observations_1993,
	title = {Observations {Concerning} {Ringe}'s "{On} {Calculating} the {Factor} of {Chance} in {Language} {Comparison}."},
	volume = {137},
	number = {1},
	journal = {Proceedings of the American Philosophical Society},
	author = {Greenberg, Joseph},
	year = {1993},
	pages = {79--90},
}

@book{greenberg_languages_1963,
	address = {Bloomington},
	title = {The languages of {Africa}},
	publisher = {Indiana University},
	author = {Greenberg, Joseph},
	year = {1963},
}

@incollection{greenberg_indo-pacific_1971,
	address = {Berlin},
	series = {Current {Trends} in {Linguistics}},
	title = {The {Indo}-{Pacific} {Hypothesis}},
	number = {7},
	booktitle = {Linguistics in {Sub}-{Saharan} {Africa}},
	publisher = {Mouton},
	author = {Greenberg, Joseph},
	editor = {Sebeok, Thomas},
	year = {1971},
}

@book{goodman_fact_1983,
	address = {Cambridge, MA},
	edition = {4. Auflage},
	title = {Fact, {Fiction}, and {Forecast}.},
	publisher = {Harvard University Press},
	author = {Goodman, Nelson},
	year = {1983},
}

@article{goddard_history_1994,
	title = {The {History} and {Classification} of {American} {Indian} {Languages}: {What} are the {Implications} for the {Peopling} of the {Americas}?},
	language = {en},
	journal = {Method and theory for investigating the peopling of the Americas},
	author = {Goddard, Ives and Campbell, Lyle},
	year = {1994},
	pages = {189--207},
}

@book{gluck_metzler_2016,
	address = {Stuttgart},
	edition = {5., aktualisierte und überarbeitete Auflage},
	title = {Metzler {Lexikon} {Sprache}},
	isbn = {978-3-476-02641-5},
	language = {ger},
	publisher = {J.B. Metzler Verlag},
	editor = {Glück, Helmut and Rödel, Michael},
	year = {2016},
	note = {OCLC: 949785882},
}

@book{gluck_metzler_2016-1,
	address = {Stuttgart},
	edition = {5., aktualisierte und überarbeitete Auflage},
	title = {Metzler {Lexikon} {Sprache}},
	isbn = {978-3-476-02641-5},
	language = {ger},
	publisher = {J.B. Metzler Verlag},
	editor = {Glück, Helmut and Rödel, Michael},
	year = {2016},
	note = {OCLC: 949785882},
}

@book{givon_ute_2011,
	address = {Amsterdam ; Philadelphia},
	series = {Culture and language use},
	title = {Ute reference grammar},
	isbn = {978-90-272-0284-0 978-90-272-0285-7 978-90-272-8741-0},
	number = {v. 3},
	publisher = {John Benjamins},
	author = {Givón, Talmy},
	year = {2011},
}

@misc{github_mastering_2014,
	title = {Mastering {Markdown} · {GitHub} {Guides}},
	url = {https://guides.github.com/features/mastering-markdown/},
	urldate = {2020-08-28},
	author = {GitHub},
	year = {2014},
}

@incollection{glinz_synchronie_1969,
	address = {Düsseldorf},
	title = {Synchronie -{Diachronie} - {Sprachgeschichte}},
	booktitle = {Sprache, {Gegenwart} und {Geschichte} : {Probleme} der {Synchronie} und {Diachronie} : {Jahrbuch} 1968},
	publisher = {Schwann},
	author = {Glinz, Hans},
	editor = {Moser, Hugo},
	year = {1969},
}

@book{givon_understanding_2018,
	address = {Amsterdam ; Philadelphia},
	edition = {Revised edition},
	title = {On understanding grammar},
	isbn = {978-90-272-6471-8},
	publisher = {John Benjamins Publishing Company},
	author = {Givón, Talmy},
	year = {2018},
}

@book{givon_understanding_1979,
	address = {New York},
	edition = {2. [Dr.]},
	series = {Perspectives in neurolinguistics and psycholinguistics},
	title = {On understanding grammar},
	isbn = {978-0-12-285451-4 978-0-12-285450-7},
	language = {eng},
	publisher = {Academic Press},
	author = {Givón, Talmy},
	year = {1979},
	note = {OCLC: 180557841},
}

@book{givon_diachrony_2015,
	address = {Amsterdam ; Philadelphia},
	title = {The diachrony of grammar},
	isbn = {978-90-272-1220-7},
	publisher = {John Benjamins},
	author = {Givón, Talmy},
	year = {2015},
}

@book{giacalone_ramat_synchrony_2013,
	address = {Amsterdam},
	series = {Studies in language companion series},
	title = {Synchrony and diachrony: a dynamic interface},
	isbn = {978-90-272-0600-8},
	shorttitle = {Synchrony and diachrony},
	number = {volume 133},
	publisher = {John Benjamins},
	editor = {Giacalone Ramat, Anna and Mauri, Caterina and Molinelli, Piera},
	year = {2013},
}

@incollection{gedney_thai_1989,
	title = {On the {Thai} evidence for {Austro}-{Tai}},
	booktitle = {Selected {Papers} on {Comparative} {Tai} {Studies}},
	publisher = {Ann Arbor},
	author = {Gedney, William J.},
	editor = {Bickner, R. J. and Hartmann, John and Kudak, Thomas John and Peyasantiwong,, Patcharin},
	year = {1989},
	pages = {117--164},
}

@article{foulet__1921,
	title = {A. {Meillet}, {Linguistique} historique et linguistique générale, 1921},
	volume = {47},
	url = {https://www.persee.fr/doc/roma_0035-8029_1921_num_47_185_4432_t1_0119_0000_1},
	language = {fre},
	number = {185},
	urldate = {2020-10-24},
	journal = {Romania},
	author = {Foulet, Lucien},
	year = {1921},
	pages = {119--123},
}

@book{forster_phylogenetic_2006,
	address = {Cambridge, UK : Oxford, UK ; Oakville, CT, USA},
	series = {{McDonald} {Institute} monographs},
	title = {Phylogenetic methods and the prehistory of languages},
	isbn = {978-1-902937-33-5},
	publisher = {McDonald Institute for Archaeological Research, University of Cambridge : Distributed by Orbow Books},
	editor = {Forster, Peter and Renfrew, Colin and McDonald Institute for Archaeological Research},
	year = {2006},
	note = {OCLC: ocm69733654},
}

@article{feinberg_liberating_2012,
	title = {Liberating {Reason} {From} the {Passions}: {Overriding} {Intuitionist} {Moral} {Judgments} {Through} {Emotion} {Reappraisal}},
	volume = {23},
	issn = {0956-7976, 1467-9280},
	shorttitle = {Liberating {Reason} {From} the {Passions}},
	url = {http://journals.sagepub.com/doi/10.1177/0956797611434747},
	doi = {10.1177/0956797611434747},
	language = {en},
	number = {7},
	urldate = {2020-11-13},
	journal = {Psychological Science},
	author = {Feinberg, Matthew and Willer, Robb and Antonenko, Olga and John, Oliver P.},
	month = jul,
	year = {2012},
	pages = {788--795},
}

@misc{easwaran_bayesianism_2013,
	title = {Bayesianism},
	url = {http://www.oxfordbibliographies.com/display/id/obo-9780195396577-0204},
	language = {en},
	urldate = {2020-09-29},
	publisher = {Oxford University Press},
	author = {Easwaran, Kenny},
	year = {2013},
}

@incollection{genetti_walking_2014,
	address = {Honolulu},
	title = {Walking the line:  {Balancing} description, argumentation and theory  in academic grammar writing},
	booktitle = {The {Art} anf {Practice} of {Grammar} {Writing}},
	publisher = {University of Hawai'i Press},
	author = {Genetti, Carol},
	editor = {Nakayama, Toshihide and Rice, Keren},
	year = {2014},
	pages = {121--134},
}

@article{gell-mann_origin_2011,
	title = {The origin and evolution of word order},
	volume = {108},
	number = {42},
	urldate = {2020-10-20},
	author = {Gell-Mann, Murray and Ruhlen, Merritt},
	year = {2011},
	pages = {17290--17295},
}

@article{freedman_language_1996,
	title = {Language {Polygenesis}: {A} {Probabilistic} {Model}.},
	volume = {104},
	issn = {1348-8570, 0918-7960},
	shorttitle = {Language {Polygenesis}},
	url = {http://joi.jlc.jst.go.jp/JST.Journalarchive/ase1993/104.131?from=CrossRef},
	doi = {10.1537/ase.104.131},
	number = {2},
	urldate = {2020-11-06},
	journal = {Anthropological Science},
	author = {Freedman, David A. and Wang, William S-Y.},
	year = {1996},
	pages = {131--137},
}

@book{fisiak_historical_1980,
	address = {The Hague ; New York},
	series = {Trends in linguistics},
	title = {Historical morphology},
	isbn = {978-90-279-3038-5},
	number = {17},
	publisher = {Mouton},
	editor = {Fisiak, Jacek},
	year = {1980},
}

@article{dubljevic_adc_2014,
	title = {The {ADC} of {Moral} {Judgment}: {Opening} the {Black} {Box} of {Moral} {Intuitions} {With} {Heuristics} {About} {Agents}, {Deeds}, and {Consequences}},
	volume = {5},
	issn = {2150-7740, 2150-7759},
	shorttitle = {The {ADC} of {Moral} {Judgment}},
	url = {http://www.tandfonline.com/doi/abs/10.1080/21507740.2014.939381},
	doi = {10.1080/21507740.2014.939381},
	language = {en},
	number = {4},
	urldate = {2020-11-13},
	journal = {AJOB Neuroscience},
	author = {Dubljević, Veljko and Racine, Eric},
	year = {2014},
	pages = {3--20},
}

@book{dryer_world_2013,
	title = {The {World} {Atlas} of {Language} {Structures} {Online}},
	url = {https://wals.info/},
	urldate = {2020-10-31},
	editor = {Dryer, Matthew S. and Haspelmath, Martin},
	year = {2013},
}

@incollection{dryer_order_2013,
	address = {Leipzig},
	title = {Order of {Subject}, {Object} and {Verb}},
	url = {https://wals.info/chapter/81},
	urldate = {2020-10-31},
	booktitle = {The {World} {Atlas} of {Language} {Structures} {Online}},
	publisher = {Max Planck Institute for Evolutionary Anthropology},
	author = {Dryer, Matthew S.},
	editor = {Dryer, Matthew S. and Haspelmath, Martin},
	year = {2013},
}

@incollection{douven_abduction_2017,
	edition = {Summer 2017},
	title = {Abduction},
	url = {https://plato.stanford.edu/archives/sum2017/entries/abduction/},
	abstract = {In the philosophical literature, the term “abduction” isused in two related but different senses. In both senses, the termrefers to some form of explanatory reasoning. However, in thehistorically first sense, it refers to the place of explanatoryreasoning in generating hypotheses, while in the sense inwhich it is used most frequently in the modern literature it refers tothe place of explanatory reasoning in justifying hypotheses.In the latter sense, abduction is also often called “Inferenceto the Best Explanation.”, This entry is exclusively concerned with abduction in the modernsense, although there is a supplement on abduction in the historicalsense, which had its origin in the work of Charles SandersPeirce—see the, See also the entry on scientific discovery, in particular the section on discovery as abduction., Most philosophers agree that abduction (in the sense of Inference tothe Best Explanation) is a type of inference that is frequentlyemployed, in some form or other, both in everyday and in scientificreasoning. However, the exact form as well as the normative status ofabduction are still matters of controversy. This entry contrastsabduction with other types of inference; points at prominent uses ofit, both in and outside philosophy; considers various more or lessprecise statements of it; discusses its normative status; andhighlights possible connections between abduction and Bayesianconfirmation theory.},
	urldate = {2020-09-26},
	booktitle = {The {Stanford} {Encyclopedia} of {Philosophy}},
	publisher = {Metaphysics Research Lab, Stanford University},
	author = {Douven, Igor},
	editor = {Zalta, Edward N.},
	year = {2017},
}

@book{durie_comparative_1996,
	address = {New York; Oxford},
	title = {The comparative method reviewed: regularity and irregularity in language change},
	isbn = {978-0-19-506607-4},
	shorttitle = {The comparative method reviewed},
	publisher = {Oxford University Press},
	editor = {Durie, Mark and Ross, Malcolm},
	year = {1996},
}

@book{dryer_world_2013-1,
	address = {Leipzig},
	title = {The {World} {Atlas} of {Language} {Structures} {Online}},
	url = {https://wals.info/},
	urldate = {2020-10-31},
	publisher = {Max Planck Institute for Evolutionary Anthropology},
	editor = {Dryer, Matthew S. and Haspelmath, Martin},
	year = {2013},
}

@article{dryer_large_1989,
	title = {Large {Linguistic} {Areas} and {Language} {Sampling}},
	volume = {13},
	issn = {0378-4177, 1569-9978},
	url = {http://www.jbe-platform.com/content/journals/10.1075/sl.13.2.03dry},
	doi = {10.1075/sl.13.2.03dry},
	language = {en},
	number = {2},
	urldate = {2020-10-20},
	journal = {Studies in Language},
	author = {Dryer, Matthew S.},
	month = jan,
	year = {1989},
	pages = {257--292},
}

@incollection{dryer_descriptive_2006,
	address = {Berlin ; New York},
	title = {Descriptive theories, explanatory theories, and {Basic} {Linguistic} {Theory}},
	booktitle = {Catching language: the standing challenge of grammar writing},
	publisher = {M. de Gruyter},
	author = {Dryer, Matthew},
	editor = {Ameka, Felix K. and Dench, Alan and Evans, Nicholas},
	year = {2006},
	pages = {207--234},
}

@misc{dryer_cldf-datasetswals_2020,
	title = {cldf-datasets/wals: {The} {World} {Atlas} of {Language} {Structures} {Online}},
	shorttitle = {cldf-datasets/wals},
	url = {https://zenodo.org/record/3731125},
	abstract = {Dryer, Matthew S. \&amp; Haspelmath, Martin (eds.) 2013. The World Atlas of Language Structures Online. Jena: Max Planck Institute for the Science of Human History. (Available online at https://wals.info)},
	urldate = {2020-10-31},
	publisher = {Zenodo},
	author = {Dryer, Matthew and Haspelmath, Martin},
	year = {2020},
}

@incollection{douven_inference_2017,
	address = {Oxford, United Kingdom ; New York, NY},
	edition = {first edition},
	title = {Inference to the best explanation: what is it? {And} why should we care?},
	booktitle = {Best explanations: new essays on inference to the best explanation},
	publisher = {Oxford University Press},
	author = {Douven, Igor},
	editor = {McCain, Kevin and Poston, Ted},
	year = {2017},
	pages = {7--24},
}

@incollection{dolgopolsky_probabilistic_1986,
	address = {Ann Arbor},
	title = {A probabilistic hypothesis concerning the oldest relationships among the language families in northern eurasia},
	booktitle = {typology, relationship and time},
	publisher = {Karoma Publishers},
	author = {Dolgopolsky, Aaron},
	year = {1986},
	pages = {27--50},
}

@book{dixon_languages_2011,
	address = {Cambridge},
	series = {Cambridge library collection},
	title = {The languages of {Australia}},
	isbn = {978-1-108-01785-5},
	abstract = {LANGUAGE \& LINGUISTICS. Described by Ken Hale as 'nothing less than a masterpiece' and by P. H. Matthews as 'absolutely clear, astonishingly complete, factually fascinating', The Languages of Australia (first published in 1980 and now reissued) was a landmark in Australian linguistics. This pioneering work of synthesis covered more than two hundred Aboriginal languages, and stimulated the next generation of scholarship in the field. The author's subsequent search for an overarching theoretical model to explain the unusual properties of Australian languages finally led him to adopt a 'punctuated equilibrium' model of language development. Dixon proposed this in The Rise and Fall of Languages (1997), which provided the framework for his major work Australian Languages: Their Nature and Development (2002)},
	language = {eng},
	publisher = {Cambridge Univ. Press},
	author = {Dixon, R. M. W.},
	year = {2011},
	note = {OCLC: 765467609},
}

@article{dixon_r_1982,
	title = {R. {M}. {W}. {Dixon}, {The} languages of {Australia}. {Cambridge}: {Cambridge} {University} {Press}, 1980. {Pp}. xii + 201.},
	volume = {18},
	issn = {0022-2267, 1469-7742},
	shorttitle = {R. {M}. {W}. {Dixon}, {The} languages of {Australia}. {Cambridge}},
	url = {https://www.cambridge.org/core/product/identifier/S0022226700007349/type/journal_article},
	doi = {10.1017/S0022226700007349},
	language = {en},
	number = {1},
	urldate = {2020-07-15},
	journal = {Journal of Linguistics},
	author = {Dixon, R. M. W.},
	year = {1982},
	pages = {190--194},
}

@book{deutscher_unfolding_2006,
	address = {London},
	title = {The unfolding of language: the evolution of mankind's greatest invention},
	isbn = {978-0-09-946025-1},
	shorttitle = {The unfolding of language},
	publisher = {Arrow},
	author = {Deutscher, Guy},
	year = {2006},
	note = {OCLC: ocm62795950},
}

@book{doris_moral_2010,
	title = {The {Moral} {Psychology} {Handbook}},
	isbn = {978-0-19-958214-3},
	url = {http://www.oxfordscholarship.com/view/10.1093/acprof:oso/9780199582143.001.0001/acprof-9780199582143},
	urldate = {2020-06-22},
	publisher = {Oxford University Press},
	author = {Doris, John M. and {The Moral Psychology Research Group}},
	month = jun,
	year = {2010},
}

@book{doris_moral_2010-1,
	address = {Oxford ; New York},
	title = {The moral psychology handbook},
	isbn = {978-0-19-958214-3},
	publisher = {Oxford University Press},
	author = {Doris, John M. and Doris, John M. and Cushman, Fiery},
	year = {2010},
	note = {OCLC: ocn501395522},
}

@book{dobzhansky_genetics_1951,
	address = {New York; London},
	edition = {third edition, revised},
	title = {Genetics and the origin of species},
	publisher = {Columbia University Press},
	author = {Dobzhansky, Theodosius},
	year = {1951},
}

@book{dixon_languages_2011-1,
	address = {Cambridge},
	title = {The {Languages} of {Australia}},
	isbn = {978-0-511-71971-4},
	url = {http://ebooks.cambridge.org/ref/id/CBO9780511719714},
	urldate = {2020-07-15},
	publisher = {Cambridge University Press},
	author = {Dixon, R. M. W.},
	year = {2011},
}

@incollection{ditto_deontological_2012,
	address = {Washington, D.C},
	title = {Deontological dissonance and the consequentialist crutch},
	urldate = {2020-11-19},
	booktitle = {The social psychology of morality: {Exploring} the causes of good and evil},
	publisher = {American Psychological Association},
	author = {Ditto, Peter and Liu, Brittany},
	editor = {Mikulincer, Mario and Shaver, Phillip R.},
	year = {2012},
	pages = {51--70.},
}

@book{saussure_grundfragen_2016,
	address = {Stuttgart},
	series = {Reclams {Universal}-{Bibliothek}},
	title = {Grundfragen der allgemeinen {Sprachwissenschaft}: eine {Auswahl}},
	isbn = {978-3-15-018807-1},
	shorttitle = {Grundfragen der allgemeinen {Sprachwissenschaft}},
	language = {ger},
	number = {Nr. 18807},
	publisher = {Reclam},
	author = {Saussure, Ferdinand},
	editor = {Jahraus, Oliver},
	translator = {Bossier, Ulrich},
	year = {2016},
	note = {OCLC: 932660971},
}

@book{saussure_cours_2005,
	address = {Genf},
	title = {Cours de {Linguistique} {Générale}},
	publisher = {Arbre d'Or},
	author = {Saussure, Ferdinand},
	year = {2005},
}

@book{saussure_course_2011,
	address = {New York},
	title = {Course in general linguistics},
	isbn = {978-0-231-15726-1 978-0-231-15727-8 978-0-231-52795-8},
	language = {eng},
	publisher = {Columbia University Press},
	author = {Saussure, Ferdinand},
	editor = {Meisel, Perry and Saussy, Haun},
	translator = {Baskin, Wade},
	year = {2011},
	note = {OCLC: ocn695390190},
}

@incollection{dench_introduction_2006,
	address = {Berlin ; New York},
	title = {Introduction: {Catching} language},
	booktitle = {Catching language: the standing challenge of grammar writing},
	publisher = {M. de Gruyter},
	author = {Dench, Alan and Evans, Nicholas},
	editor = {Ameka, Felix K. and Evans, Nicholas and Dench, Alan Charles},
	year = {2006},
	pages = {1--39},
}

@incollection{demoule_origins_2008,
	address = {London; Oakville, CT},
	title = {Origins and evolution of languages: retrospectives and perspectives},
	booktitle = {Origin and evolution of languages: approaches, models, paradigms},
	publisher = {Equinox},
	author = {Demoule, Jean-Paul and Laks, Bernard and Cleuziou, Serge and Encrevé, Pierrre},
	editor = {Laks, Bernard},
	year = {2008},
	pages = {1--28},
}

@article{daoud_action_1975,
	title = {Action of kainic acid on a glutamatergic synapse},
	volume = {52},
	issn = {0306-4492},
	doi = {10.1016/0306-4492(75)90012-x},
	language = {eng},
	number = {1},
	journal = {Comparative Biochemistry and Physiology. C: Comparative Pharmacology},
	author = {Daoud, A. and Usherwood, P. N.},
	year = {1975},
	pages = {51--53},
}

@incollection{daniels_wide_1996,
	address = {Cambridge},
	title = {Wide reflective equilibrium and theory acceptance in ethics},
	booktitle = {Justice and {Justification}. {Reflective} {Equilibrium} in {Theory} and {Practice}.},
	publisher = {Cambridge University Press},
	author = {Daniels, Norman},
	year = {1996},
	pages = {21--46},
}

@incollection{depaul_intuitions_2007,
	title = {Intuitions in {Moral} {Inquiry}},
	url = {http://oxfordhandbooks.com/view/10.1093/oxfordhb/9780195325911.001.0001/oxfordhb-9780195325911-e-22},
	urldate = {2020-05-23},
	booktitle = {The {Oxford} {Handbook} of {Ethical} {Theory}},
	publisher = {Oxford University Press},
	author = {DePaul, Michael R.},
	month = jun,
	year = {2007},
	pages = {595--627},
}

@book{laet_notae_1643,
	address = {Amsterdam; Paris},
	title = {Notae ad {Dissertationem} {Hugonis} {Grotii}},
	publisher = {apud viduam Gvilielmi Pele},
	author = {Laet, Johannes},
	year = {1643},
}

@book{davis_explanation_1992,
	address = {Amsterdam},
	series = {Amsterdam studies in the theory and history of linguistic science {Series} 4, {Current} issues in linguistic theory},
	title = {Explanation in historical linguistics},
	isbn = {978-90-272-3581-7 978-1-55619-139-8},
	language = {eng},
	number = {84},
	publisher = {Benjamins},
	editor = {Davis, Garry W. and Iverson, Gregory},
	year = {1992},
	note = {OCLC: 26212391},
}

@article{cushman_patterns_2011,
	title = {Patterns of {Moral} {Judgment} {Derive} {From} {Nonmoral} {Psychological} {Representations}},
	volume = {35},
	issn = {03640213},
	url = {http://doi.wiley.com/10.1111/j.1551-6709.2010.01167.x},
	doi = {10.1111/j.1551-6709.2010.01167.x},
	language = {en},
	number = {6},
	urldate = {2020-11-17},
	journal = {Cognitive Science},
	author = {Cushman, Fiery and Young, Liane},
	month = aug,
	year = {2011},
	pages = {1052--1075},
}

@incollection{cushman_our_2010,
	title = {Our {Multi}-{System} {Moral} {Psychology}: {Towards} a {Consensus} {View}},
	booktitle = {The {Oxford} {Handbook} of {Moral} {Psychology}},
	publisher = {Oxford University Press},
	author = {Cushman, Fiery and Young, Liane and Greene, Joshua D.},
	editor = {Doris, John M. and Harman, G. and Nichols, S. and Prinz, J. and Sinnott-Armstrong, W. and Stich, Stephen},
	year = {2010},
}

@article{coupe_language_2002,
	title = {Language polygenesis: what type of evidence?},
	shorttitle = {Language polygenesis},
	url = {https://www.academia.edu/2476428/Language_polygenesis_what_type_of_evidence},
	abstract = {Because the origin of language marks the beginning of human civilization, the general assumption is that it occurred only once in hominid evolution. This is the theme of the monogenesis of language. From this point of view, the origin of language},
	language = {en},
	urldate = {2020-11-07},
	journal = {Proc. of the 4th International Conference on the Evolution of Language, March 27-30, Harvard, United States.},
	author = {Coupé, Christophe and Hombert, Jean-Marie},
	year = {2002},
}

@book{chomsky_architecture_2000,
	address = {New Delhi ; New York},
	title = {The architecture of language},
	isbn = {978-0-19-564834-8},
	publisher = {Oxford University Press},
	author = {Chomsky, Noam},
	editor = {Mukherji, Nirmalangshu and Patnaik, B. N. and Agnihotri, Rama Kant},
	year = {2000},
}

@book{chalmers_wege_2007,
	address = {Berlin Heidelberg New York},
	edition = {6., verbesserte Auflage},
	title = {Wege der {Wissenschaft}: {Einführung} in die {Wissenschaftstheorie}},
	isbn = {978-3-540-67477-1 978-3-662-10879-6},
	shorttitle = {Wege der {Wissenschaft}},
	language = {ger},
	publisher = {Springer},
	author = {Chalmers, Alan F.},
	editor = {Bergemann, Niels},
	year = {2007},
	note = {OCLC: 76197232},
}

@book{chalmers_wege_2007-1,
	address = {Berlin Heidelberg New York},
	edition = {Sechste, verbesserte Auflage},
	title = {Wege der {Wissenschaft}: {Einführung} in die {Wissenschaftstheorie}},
	isbn = {978-3-540-49490-4},
	shorttitle = {Wege der {Wissenschaft}},
	language = {ger},
	publisher = {Springer},
	author = {Chalmers, Alan F. and Bergemann, Niels and Altstötter-Gleich, Christine},
	year = {2007},
	note = {OCLC: 180033111},
}

@book{coseriu_synchronie_1974,
	address = {München},
	title = {Synchronie, {Diachronie} und {Geschichte}},
	volume = {3},
	language = {Deutsch},
	publisher = {Wilhelm Fink Verlag},
	author = {Coseriu, Eugenio},
	year = {1974},
}

@book{comrie_language_1989,
	address = {Chicago},
	edition = {2nd ed},
	title = {Language universals and linguistic typology: syntax and morphology},
	isbn = {978-0-226-11433-0},
	shorttitle = {Language universals and linguistic typology},
	publisher = {University of Chicago Press},
	author = {Comrie, Bernard},
	year = {1989},
}

@book{chomsky_language_2006,
	address = {Cambridge ; New York},
	edition = {3rd ed},
	title = {Language and mind},
	isbn = {978-0-521-85819-9 978-0-521-67493-5},
	publisher = {Cambridge University Press},
	author = {Chomsky, Noam},
	year = {2006},
	note = {OCLC: ocm62132939},
}

@article{cavalli-sforza_reconstruction_1988,
	title = {Reconstruction of human evolution: bringing together genetic, archaeological, and linguistic data.},
	volume = {85},
	issn = {0027-8424, 1091-6490},
	shorttitle = {Reconstruction of human evolution},
	url = {http://www.pnas.org/cgi/doi/10.1073/pnas.85.16.6002},
	doi = {10.1073/pnas.85.16.6002},
	abstract = {The genetic information for this work came from a very large collection of gene frequencies for "classical" (non-DNA) polymorphisms of the world aborigines. The data were grouped in 42 populations studied for 120 alleles. The reconstruction of human evolutionary history thus generated was checked with statistical techniques such as "bootstrapping." It changes some earlier conclusions and is in agreement with more recent ones, including published and unpublished DNA-marker results. The first split in the phylogenetic tree separates Africans from non-Africans, and the second separates two major clusters, one corresponding to Caucasoids, East Asians,'Arctic populations, and American natives, and the other to Southeast Asians (mainland and insular), Pacific islanders, and New Guineans and Australians. Average genetic distances between the most important clusters are proportional to archaeological separation times. Linguistic families correspond to groups of populations with very few, easily understood overlaps, and their origin can be given a time frame. Linguistic superfamilies show remarkable correspondence with the two major clusters, indicating considerable parallelism between genetic and linguistic evolution. The latest step in language development may have been an important factor determining' the rapid expansion that followed the appearance of modern humans and the demise of Neanderthals.},
	language = {en},
	number = {16},
	urldate = {2020-11-07},
	journal = {Proceedings of the National Academy of Sciences},
	author = {Cavalli-Sforza, L. L. and Piazza, A. and Menozzi, P. and Mountain, J.},
	month = aug,
	year = {1988},
	pages = {6002--6006},
}

@article{cavalli-sforza_genes_1997,
	title = {Genes, peoples, and languages},
	abstract = {The genetic history of a group of populations is usually analyzed by reconstructing a tree of their origins. Reliability of the reconstruction depends on the validity of the hypothesis that genetic differentiation of the populations is mostly due to population fissions followed by independent evolution. If necessary, adjustment for major population admixtures can be made. Dating the fissions requires comparisons with paleoanthropological and paleontological dates, which are few and uncertain. A method of absolute genetic dating recently introduced uses mutation rates as molecular clocks; it was applied to human evolution using microsatellites, which have a sufficiently high mutation rate. Results are comparable with those of other methods and agree with a recent expansion of modern humans from Africa. An alternative method of analysis, useful when there is adequate geographic coverage of regions, is the geographic study of frequencies of alleles or haplotypes. As in the case of trees, it is necessary to summarize data from many loci for conclusions to be acceptable. Results must be independent from the loci used. Multivariate analyses like principal components or multidimensional scaling reveal a number of hidden patterns and evaluate their relative importance. Most patterns found in the analysis of human living populations are likely to be consequences of demographic expansions, determined by technological developments affecting food availability, transportation, or military power. During such expansions, both genes and languages are spread to potentially vast areas. In principle, this tends to create a correlation between the respective evolutionary trees. The correlation is usually positive and often remarkably high. It can be decreased or hidden by phenomena of language replacement and also of gene replacement, usually partial, due to gene f low.},
	language = {en},
	journal = {Proc. Natl. Acad. Sci. USA},
	author = {Cavalli-Sforza, L Luca},
	year = {1997},
	pages = {6},
}

@incollection{campbell_what_2008,
	address = {London; Oakville, CT},
	title = {What can we learn about the earliest human language by comparing languages known today?},
	booktitle = {Origin and evolution of languages: approaches, models, paradigms},
	publisher = {Equinox},
	author = {Campbell, Lyle},
	editor = {Laks, Bernard},
	year = {2008},
	pages = {79--111},
}

@incollection{campbell_how_2003,
	address = {Malden, MA},
	title = {How to show languages are related: methods for distant genetic relationship},
	booktitle = {The handbook of historical linguistics},
	publisher = {Blackwell Pub},
	author = {Campbell, Lyle},
	editor = {Joseph, Brian and Janda, Richard D.},
	year = {2003},
	pages = {262--282},
}

@incollection{callaghan_indo-european_2011,
	title = {An '{Indo}-{European}' type paradigm in {Proto} {Eastern} {Miwok}},
	isbn = {978-3-11-080868-1},
	url = {https://www.degruyter.com/view/book/9783110808681/10.1515/9783110808681.31.xml},
	abstract = {An 'Indo-European' type paradigm in Proto Eastern Miwok erschien in American Indian and Indoeuropean Studies auf Seite 31.},
	language = {en},
	urldate = {2020-10-23},
	publisher = {De Gruyter Mouton},
	author = {Callaghan, Catherine A.},
	editor = {Klar, Kathryn and Langdon, Margaret and Silver, Shirley},
	year = {2011},
	pages = {31--42},
}

@article{cavalli-sforza_coevolution_1992,
	title = {Coevolution of genes and languages revisited.},
	volume = {89},
	issn = {0027-8424, 1091-6490},
	url = {https://www.pnas.org/content/89/12/5620},
	doi = {10.1073/pnas.89.12.5620},
	abstract = {In an earlier paper it was shown that linguistic families of languages spoken by a set of 38 populations associate rather strongly with an evolutionary tree of the same populations derived from genetic data. While the correlation was clearly high, there was no evaluation of statistical significance; no such test was available at the time. This gap has now been filled by adapting to this aim a procedure based on the consistency index, and the level of significance is found to be much stronger than 10(-3). Possible reasons for coevolution of strictly genetic characters and the strictly cultural linguistic system are discussed briefly. Results of this global analysis are compared with those obtained in independent local analysis.},
	language = {en},
	number = {12},
	urldate = {2020-11-07},
	journal = {Proceedings of the National Academy of Sciences},
	author = {Cavalli-Sforza, L. L. and Minch, E. and Mountain, J. L.},
	month = jun,
	year = {1992},
	pages = {5620--5624},
}

@article{cathcart_modeling_2018,
	title = {Modeling linguistic evolution: a look under the hood},
	volume = {4},
	issn = {2199-174X},
	shorttitle = {Modeling linguistic evolution},
	url = {https://www.degruyter.com/doi/10.1515/lingvan-2017-0043},
	doi = {10.1515/lingvan-2017-0043},
	abstract = {This paper takes a detailed look at some popular models of evolution used in contemporary diachronic linguistic research, focusing on the continuous-time Markov model, a particularly popular choice. I provide an exposition of the math underlying the CTM model, seldom discussed in linguistic papers. I show that in some work, a lack of explicit reference to the underlying computation creates some diﬀiculty in interpreting results, particularly in the domain of ancestral state reconstruction. I conclude by adumbrating some ways in which linguists may be able to exploit these models to investigate a suite of factors which may influence diachronic linguistic change.},
	language = {en},
	number = {1},
	urldate = {2020-11-03},
	journal = {Linguistics Vanguard},
	author = {Cathcart, Chundra Aroor},
	month = apr,
	year = {2018},
}

@incollection{campbell_sound_1996,
	address = {New York; Oxford},
	title = {On sound change and challenges to regularity},
	booktitle = {The comparative method reviewed: regularity and irregularity in language change},
	publisher = {Oxford University Press},
	author = {Campbell, Lyle},
	editor = {Durie, Mark and Ross, Malcolm},
	year = {1996},
	pages = {72--89},
}

@article{campbell_review_1988,
	title = {Review of {Joseph} {Greenberg}, {Language} in the {Americas}},
	volume = {64},
	journal = {Language},
	author = {Campbell, Lyle},
	year = {1988},
	pages = {591--615},
}

@book{campbell_language_2008,
	address = {Cambridge, UK ; New York},
	title = {Language classification: history and method},
	isbn = {978-0-521-88005-3},
	shorttitle = {Language classification},
	publisher = {Cambridge University Press},
	author = {Campbell, Lyle and Poser, William John},
	year = {2008},
	note = {OCLC: ocn182963187},
}

@book{campbell_historical_2013,
	address = {Edinburgh},
	edition = {3. ed},
	title = {Historical linguistics: an introduction},
	isbn = {978-0-7486-4594-7 978-0-7486-4601-2 978-0-7486-7559-3 978-0-7486-7560-9 978-0-7486-6395-8},
	shorttitle = {Historical linguistics},
	language = {eng},
	publisher = {Edinburgh Univ. Press},
	author = {Campbell, Lyle},
	year = {2013},
	note = {OCLC: 840417577},
}

@book{campbell_american_1997,
	address = {New York; Oxford},
	title = {American {Indian} languages},
	isbn = {978-0-19-534983-2},
	url = {http://www.dawsonera.com/depp/reader/protected/external/AbstractView/S9780195349832},
	language = {English},
	urldate = {2020-10-24},
	publisher = {Oxford University Press},
	author = {Campbell, Lyle},
	year = {1997},
	note = {OCLC: 860487944},
}

@article{brun_reflective_2014,
	title = {Reflective {Equilibrium} {Without} {Intuitions}?},
	volume = {17},
	issn = {1386-2820, 1572-8447},
	url = {http://link.springer.com/10.1007/s10677-013-9432-5},
	doi = {10.1007/s10677-013-9432-5},
	language = {en},
	number = {2},
	urldate = {2020-05-25},
	journal = {Ethical Theory and Moral Practice},
	author = {Brun, Georg},
	month = apr,
	year = {2014},
	pages = {237--252},
}

@article{brown_aspects_1979,
	title = {Aspects of the phonological history of {Mayan}-{Zoquean}},
	volume = {45},
	url = {http://www.jstor.com/stable/1264974},
	number = {1},
	journal = {International Journal of American Linguistics},
	author = {Brown, Cecil H. and Witkowski, Stanley R.},
	year = {1979},
	pages = {34--47},
}

@misc{broadbent_causation_nodate,
	title = {Causation {\textbar} {Internet} {Encyclopedia} of {Philosophy}},
	url = {https://iep.utm.edu/causatio/},
	language = {en-US},
	urldate = {2020-11-19},
	author = {Broadbent, Alex},
}

@incollection{bright_contextualizing_2007,
	address = {Amsterdam Philadelphia},
	title = {Contextualizing a grammar},
	booktitle = {Perspectives on grammar writing},
	publisher = {John Benjamins Pub. Co},
	author = {Bright, William},
	editor = {Payne, Thomas Edward and Weber, David},
	year = {2007},
	pages = {11--17},
}

@book{bickerton_language_1990,
	address = {Chicago},
	title = {Language and species},
	isbn = {978-0-226-04610-5},
	publisher = {University of Chicago Press},
	author = {Bickerton, Derek},
	year = {1990},
}

@article{bergsland_validity_1962,
	title = {On the {Validity} of {Glottochronology}},
	volume = {3},
	issn = {0011-3204, 1537-5382},
	url = {https://www.journals.uchicago.edu/doi/10.1086/200264},
	doi = {10.1086/200264},
	language = {en},
	number = {2},
	urldate = {2020-10-31},
	journal = {Current Anthropology},
	author = {Bergsland, Knut and Vogt, Hans},
	month = apr,
	year = {1962},
	pages = {115--153},
}

@incollection{brian_historical_2006,
	address = {Berlin ; New York},
	title = {The historical and cultural dimensions in grammar formation: {The} case of {Modern} {Greek}},
	booktitle = {Catching language: the standing challenge of grammar writing},
	publisher = {M. de Gruyter},
	author = {Brian, Joseph D.},
	editor = {Ameka, Felix K. and Evans, Nicholas and Dench, Alan Charles},
	year = {2006},
	pages = {549--564},
}

@book{bouissac_saussure_2010,
	address = {London ; New York},
	series = {Guides for the perplexed series},
	title = {Saussure: a guide for the perplexed},
	isbn = {978-1-4411-2068-7 978-1-4411-8601-0},
	shorttitle = {Saussure},
	publisher = {Continuum},
	author = {Bouissac, Paul},
	year = {2010},
}

@misc{betz_kit_2020,
	type = {Text},
	title = {{KIT} - {DebateLab}},
	url = {http://debatelab.philosophie.kit.edu/},
	language = {en-gb},
	urldate = {2020-08-28},
	author = {Betz, Gregor},
	month = jul,
	year = {2020},
}

@misc{bessiere_when_2003,
	title = {When {Ruhlen} "{Mother} {Tongue}" {Theory} {Meets} the {Null} {Hypothesis}},
	url = {https://www.researchgate.net/publication/278735616_When_Ruhlen_Mother_Tongue_Theory_Meets_the_Null_Hypothesis},
	abstract = {PDF {\textbar} The demonstration of a relationship between languagescan depend on finding words of similar phonologicalshape and roughly equivalent meaning. But... {\textbar} Find, read and cite all the research you need on ResearchGate},
	language = {en},
	urldate = {2020-09-21},
	journal = {ResearchGate},
	author = {Bessière, Pierre and Boë, Louis-Jean and Vallée, Nathalie},
	year = {2003},
}

@book{bengtson_linguistic_2008,
	address = {Theophania Publishing},
	title = {Linguistic fossils: studies in historical linguistics and paleolinguistics},
	isbn = {978-0-9865102-7-4},
	shorttitle = {Linguistic fossils},
	publisher = {s.n.},
	author = {Bengtson, John D},
	year = {2008},
	note = {OCLC: 942919921},
}

@misc{noauthor_bayesianism_nodate,
	title = {Bayesianism},
	url = {https://www.oxfordbibliographies.com/view/document/obo-9780195396577/obo-9780195396577-0204.xml},
	abstract = {"Bayesianism" published on  by null.},
	language = {en},
	urldate = {2020-09-29},
	journal = {obo},
}

@misc{noauthor_argdown_nodate,
	title = {Argdown},
	url = {https://argdown.org/},
	urldate = {2020-08-28},
}

@book{ameka_catching_2006,
	address = {Berlin ; New York},
	series = {Trends in linguistics. {Studies} and monographs},
	title = {Catching language: the standing challenge of grammar writing},
	isbn = {978-3-11-018603-1},
	shorttitle = {Catching language},
	number = {167},
	publisher = {M. de Gruyter},
	editor = {Ameka, Felix K. and Dench, Alan Charles and Evans, Nicholas},
	year = {2006},
}

@incollection{bengtson_global_1994,
	address = {Stanford, Calif},
	title = {Global {Etymologies}},
	booktitle = {On the origin of languages: studies in linguistic taxonomy},
	publisher = {Stanford University Press},
	author = {Bengtson, John and Ruhlen, Merritt},
	year = {1994},
	pages = {277--336},
}

@article{bender_are_1993,
	title = {Are global etymologies valid?},
	volume = {33},
	number = {4},
	urldate = {2020-10-19},
	journal = {General Linguistics},
	author = {Bender, M. Lionel},
	year = {1993},
	pages = {191--219},
}

@misc{beisbart_making_nodate,
	title = {Making {It} {Precise}. {A} {Formal} {Model} of {Reflective} {Equilibrium}},
	author = {Beisbart, Claus and Betz, Gregor and Brun, Georg},
}

@article{amit_you_2012,
	title = {You {See}, the {Ends} {Don}’t {Justify} the {Means}: {Visual} {Imagery} and {Moral} {Judgment}},
	volume = {23},
	issn = {0956-7976},
	shorttitle = {You {See}, the {Ends} {Don}’t {Justify} the {Means}},
	url = {https://doi.org/10.1177/0956797611434965},
	doi = {10.1177/0956797611434965},
	abstract = {We conducted three experiments indicating that characteristically deontological judgments—here, disapproving of sacrificing one person for the greater good of others—are preferentially supported by visual imagery. Experiment 1 used two matched working memory tasks—one visual, one verbal—to identify individuals with relatively visual cognitive styles and individuals with relatively verbal cognitive styles. Individuals with more visual cognitive styles made more deontological judgments. Experiment 2 showed that visual interference, relative to verbal interference and no interference, decreases deontological judgment. Experiment 3 indicated that these effects are due to people’s tendency to visualize the harmful means (sacrificing one person) more than the beneficial end (saving others). These results suggest a specific role for visual imagery in moral judgment: When people consider sacrificing someone as a means to an end, visual imagery preferentially supports the judgment that the ends do not justify the means. These results suggest an integration of the dual-process theory of moral judgment with construal-level theory.},
	language = {en},
	number = {8},
	urldate = {2020-09-21},
	journal = {Psychological Science},
	author = {Amit, Elinor and Greene, Joshua D.},
	month = aug,
	year = {2012},
	pages = {861--868},
}

@book{aikhenvald_art_2015,
	address = {Oxford},
	series = {Oxford linguistics},
	title = {The art of grammar: a practical guide},
	isbn = {978-0-19-968321-5 978-0-19-968322-2},
	shorttitle = {The art of grammar},
	publisher = {Oxford University Press},
	author = {Aikhenvald, Alexandra},
	year = {2015},
	note = {OCLC: ocn898753102},
}

@book{abraham_schriften_2013,
	address = {Frankfurt am Main ; New York},
	series = {Danziger {Beiträge} zur {Germanistik}},
	title = {Schriften zur {Synchronie} und {Diachronie} des {Deutschen}},
	isbn = {978-3-631-61186-9},
	number = {Band 44},
	publisher = {Peter Lang Edition},
	author = {Abraham, Werner},
	editor = {Kątny, Andrzej and Kotin, Michail and Leiss, Elisabeth and Socka, Anna},
	year = {2013},
}

@book{noauthor_hoffnung_2004,
	address = {Basel; Gießen},
	title = {Hoffnung für alle - die {Bibel}},
	isbn = {978-3-7655-6066-8 978-3-7655-6067-5 978-3-7655-6045-3},
	language = {German},
	publisher = {Brunnen-Verl.},
	year = {2004},
	note = {OCLC: 76684692},
}

@misc{noauthor_gleichheitszeichen_2019,
	title = {Gleichheitszeichen},
	copyright = {Creative Commons Attribution-ShareAlike License},
	url = {https://de.wikipedia.org/w/index.php?title=Gleichheitszeichen&oldid=195104985},
	abstract = {Das Gleichheitszeichen (=, auch Ist-gleich-Zeichen genannt) steht in der Mathematik, der formalen Logik und in den exakten Naturwissenschaften zwischen zwei in ihrem Wert gleichen Ausdrücken.},
	language = {de},
	urldate = {2020-04-15},
	journal = {Wikipedia},
	month = dec,
	year = {2019},
	note = {Page Version ID: 195104985},
}

@misc{hunger_instagram_2020,
	type = {Instagram},
	title = {Instagram {Post}: {Stella} leidet unter dem {Shutdown}},
	url = {https://www.instagram.com/p/B-fueNTBNmg/},
	language = {en},
	urldate = {2020-04-13},
	journal = {Christina Hunger, MA, CCC-SLP (@hunger4words) • Instagram-Fotos und -Videos},
	author = {Hunger, Christina},
	month = mar,
	year = {2020},
}

@misc{hunger_speech_2020,
	title = {Speech {Therapy} {Blog}},
	url = {https://www.hungerforwords.com},
	abstract = {Hunger for Words is blog about teaching my dog to talk using speech therapy techniques and AAC.},
	language = {en},
	urldate = {2020-04-13},
	journal = {Hunger for Words},
	author = {Hunger, Christina},
	year = {2020},
	note = {Library Catalog: www.hungerforwords.com},
}

@book{korsgaard_sources_1996,
	edition = {1},
	title = {The {Sources} of {Normativity}},
	isbn = {978-0-521-55059-8 978-0-521-55960-7 978-0-511-55447-6},
	url = {https://www.cambridge.org/core/product/identifier/9780511554476/type/book},
	urldate = {2020-04-13},
	publisher = {Cambridge University Press},
	author = {Korsgaard, Christine M. and O'Neill, Onora},
	month = jun,
	year = {1996},
	doi = {10.1017/CBO9780511554476},
}

@misc{korsgaard_sources_1996-1,
	title = {The {Sources} of {Normativity}},
	url = {/core/books/sources-of-normativity/5A85034A6566FDFDE374073A015CBD2A},
	abstract = {Cambridge Core - History of Ideas - The Sources of Normativity -  by Christine M. Korsgaard},
	language = {en},
	urldate = {2020-04-13},
	journal = {Cambridge Core},
	author = {Korsgaard, Christine M. and O'Neill, Onora},
	month = jun,
	year = {1996},
	doi = {10.1017/CBO9780511554476},
	note = {ISBN: 9780521550598 9780521559607 9780511554476
Library Catalog: www.cambridge.org
Publisher: Cambridge University Press},
}

@book{noauthor_hoffnung_2004-1,
	address = {Basel; Gießen},
	title = {Hoffnung für alle - die {Bibel}},
	isbn = {978-3-7655-6066-8 978-3-7655-6067-5 978-3-7655-6045-3},
	language = {German},
	publisher = {Brunnen-Verl.},
	year = {2004},
	note = {OCLC: 76684692},
}

@misc{johnson_kants_2019,
	edition = {Spring 2019},
	title = {Kant’s {Moral} {Philosophy}},
	url = {https://plato.stanford.edu/archives/spr2019/entries/kant-moral/},
	journal = {The Stanford Encyclopedia of Philosophy},
	publisher = {Metaphysics Research Lab, Stanford University},
	author = {Johnson, Robert and Cureton, Adam},
	editor = {Zalta, Edward N.},
	year = {2019},
}

@misc{johnson_robert_kants_2019,
	title = {Kant’s {Moral} {Philosophy}},
	journal = {The Stanford Encyclopedia of Philosophy},
	author = {{Johnson, Robert} and {Cureton, Adam}},
	year = {2019},
}

@misc{noauthor_notitle_nodate,
}

@misc{noauthor_stanford_nodate,
	title = {Stanford {Encyclopedia} of {Philosophy}},
	url = {https://plato.stanford.edu/},
	urldate = {2020-01-26},
}

@book{darwin_abstammung_2018,
	address = {Hamburg},
	title = {Die {Abstammung} des {Menschen}},
	isbn = {978-3-86820-461-2},
	language = {ger},
	publisher = {Nikol Verlag},
	author = {Darwin, Charles},
	year = {2018},
	note = {OCLC: 1014190949},
}

@incollection{kant_mutmaslicher_1911,
	title = {Mutmaßlicher {Anfang} der {Menschengeschichte}},
	volume = {8},
	language = {de},
	booktitle = {Gesammelte schriften},
	publisher = {G. Reimer},
	author = {Kant, Immanuel},
	year = {1911},
	pages = {18},
}

@book{kant_gesammelte_1911,
	title = {Gesammelte schriften},
	publisher = {G. Reimer},
	author = {Kant, Immanuel},
	year = {1911},
}

@article{oberer_kants_1974,
	title = {Kants gesammelte {Schriften}, herausgegeben von der {Deutschen} {Akademie} der {Wissenschaften} zu {Berlin}},
	volume = {56},
	issn = {1613-0650, 0003-9101},
	url = {https://www.degruyter.com/view/j/agph.1974.56.issue-2/agph-1974-0211/agph-1974-0211.xml},
	doi = {10.1515/agph-1974-0211},
	number = {2},
	urldate = {2020-01-26},
	journal = {Archiv für Geschichte der Philosophie},
	author = {Oberer, Ilariolf},
	month = jan,
	year = {1974},
}

@incollection{von_der_gablentz_mutmaslicher_1965,
	address = {Wiesbaden},
	series = {Klassiker der {Politik}},
	title = {Mutmaßlicher {Anfang} der {Menschengeschichte}},
	isbn = {978-3-663-19739-3},
	url = {https://doi.org/10.1007/978-3-663-19739-3_4},
	abstract = {Im Fortgange einer Geschichte Mutmaßungen einzustreuen, um Lücken in den Nachrichten auszufüllen, ist wohl erlaubt: weil das Vorhergehende, als entfernte Ursache, und das Nachfolgende, als Wirkung, eine ziemlich sichere Leitung zur Entdeckung der Mittelursachen abgeben kann, um den Übergang begreiflich zu machen. Allein, eine Geschichte ganz und gar aus Mutmaßungen entstehen zu lassen, scheint nicht viel besser, als den Entwurf zu einem Roman zu machen. Auch würde sie nicht den Namen einer mutmaßlichen Geschichte, sondern einer bloßen Erdichtung führen können. — Gleichwohl kann das, was im Fortgange der Geschichte menschlicher Handlungen nicht gewagt werden darf, doch wohl über den ersten Anfang derselben, sofern ihn die Natur macht, durch Mutmaßung versucht werden. Denn dieser darf nicht erdichtet, sondern kann von der Erfahrung hergenommen werden; wenn man voraussetzt, daß diese im ersten Anfange nicht besser oder schlechter gewesen, als wir sie jetzt antreffen: eine Voraussetzung, die der Analogie der Natur gemäß ist, und nichts Gewagtes bei sich führt. Eine Geschichte der ersten Entwickelung der Freiheit aus ihrer ursprünglichen Anlage in der Natur des Menschen ist daher ganz etwas anderes, als die Geschichte der Freiheit in ihrem Fortgange, die nur auf Nachrichten gegründet werden kann.},
	language = {de},
	urldate = {2020-01-25},
	booktitle = {Immanuel {Kant}: {Politische} {Schriften}},
	publisher = {VS Verlag für Sozialwissenschaften},
	author = {von der Gablentz, Otto Heinrich},
	editor = {von der Gablentz, Otto Heinrich},
	year = {1965},
	doi = {10.1007/978-3-663-19739-3_4},
	pages = {48--63},
}

@book{korsgaard_fellow_2018,
	address = {Oxford},
	edition = {First edition},
	series = {Uehiro series in practical ethics},
	title = {Fellow creatures: our obligations to the other animals},
	isbn = {978-0-19-875385-8},
	shorttitle = {Fellow creatures},
	abstract = {Christine M. Korsgaard presents a compelling new view of our moral relationships to the other animals. She offers challenging answers to such questions as: Are people superior to animals, and does it matter morally if we are? Is it all right for us to eat animals, experiment on them, make them work for us, and keep them as pets?--},
	publisher = {Oxford University Press},
	author = {Korsgaard, Christine M.},
	year = {2018},
	note = {OCLC: on1013965811},
	keywords = {Animal welfare, Human-animal relationships, Moral and ethical aspects},
}

@article{saunders_christine_2020,
	title = {Christine {M}. {Korsgaard}, {Fellow} {Creatures}: {Our} {Obligations} to the {Other} {Animals}, {Oxford} {University} {Press}, 2018, 252pp., \$24.95 (hbk), {ISBN} 9780198753858},
	volume = {95},
	issn = {0031-8191, 1469-817X},
	shorttitle = {Christine {M}. {Korsgaard}, {Fellow} {Creatures}},
	url = {https://www.cambridge.org/core/product/identifier/S0031819119000500/type/journal_article},
	doi = {10.1017/S0031819119000500},
	language = {en},
	number = {1},
	urldate = {2020-01-21},
	journal = {Philosophy},
	author = {Saunders, Joe},
	month = jan,
	year = {2020},
	pages = {141--147},
}

@book{korsgaard_creating_1996,
	edition = {1},
	title = {Creating the {Kingdom} of {Ends}},
	isbn = {978-0-521-49962-0 978-0-521-49644-5 978-1-139-17450-3},
	url = {https://www.cambridge.org/core/product/identifier/9781139174503/type/book},
	urldate = {2020-01-21},
	publisher = {Cambridge University Press},
	author = {Korsgaard, Christine M.},
	month = jul,
	year = {1996},
	doi = {10.1017/CBO9781139174503},
}

@book{korsgaard_interacting_2011,
	title = {Interacting with {Animals}},
	url = {http://oxfordhandbooks.com/view/10.1093/oxfordhb/9780195371963.001.0001/oxfordhb-9780195371963-e-4},
	urldate = {2020-01-12},
	publisher = {Oxford University Press},
	author = {Korsgaard, Christine M.},
	month = oct,
	year = {2011},
	doi = {10.1093/oxfordhb/9780195371963.013.0004},
}

@article{korsgaard_interacting_2011-1,
	title = {Interacting with {Animals}: {A} {Kantian} {Account}},
	copyright = {open},
	shorttitle = {Interacting with {Animals}},
	url = {http://nrs.harvard.edu/urn-3:HUL.InstRepos:34257932},
	abstract = {Philosophy},
	language = {en\_US},
	urldate = {2020-01-12},
	journal = {Oxford Handbooks Online},
	author = {Korsgaard, Christine M.},
	year = {2011},
}

@misc{korsgaard_christine_nodate,
	address = {Chicago},
	title = {Christine {Korsgaard}, "{Interacting} with {Animals}: {A} {Kantian} {Account}"},
	shorttitle = {Christine {Korsgaard}, "{Interacting} with {Animals}},
	url = {https://www.youtube.com/watch?v=27Hi04TwT8I},
	abstract = {Christine Korsgaard is Arthur Kingsley Porter Professor of Philosophy at Harvard University. This talk, the 2008 Dewey Lecture in Law and Philosophy, was recorded November 5, 2008, as part of Animal Law Week, sponsored by the McCormick Companions' Fund.},
	language = {English},
	urldate = {2020-01-12},
	author = {Korsgaard, Christine M.},
}

@book{eisler_kant-lexikon_1930,
	address = {Berlin},
	title = {Kant-{Lexikon} : {Nachschlagewerk} zu {Kants} sämtlichen {Schriften}, {Briefen} und handschriftlichem {Nachlass}},
	shorttitle = {Kant-{Lexikon}},
	publisher = {Mittler und Metzner},
	author = {Eisler, Rudolf},
	year = {1930},
}

@book{kant_grundlegung_1786,
	address = {Riga},
	title = {Grundlegung zur {Metaphysik} der {Sitten}},
	shorttitle = {{GMS}},
	language = {de},
	publisher = {J. F. Hartknoch},
	author = {Kant, Immanuel},
	year = {1786},
}

@book{hume_untersuchung_2003,
	address = {Hamburg},
	title = {Untersuchung über die {Prinzipien} der {Moral}},
	isbn = {978-3-7873-2060-8},
	abstract = {Hume selbst hält diese Schrift (1751), die inhaltlich eine Neufassung des 3. Buches des Traktats (Über Moral) darstellt, in seinen autobiographischen Aufzeichnungen für "unvergleichlich viel besser" als alle seine anderen Schriften. Wohl deshalb, weil er hier vollbringt, was dort nur gefordert wurde: die strikte Loslösung der Ethik von der Anthropologie. Nicht ein zum Wesen des Menschen gehörender "moral sense", sondern die "utility" (Nützlichkeit) einer Tugend oder Eigenschaft - für das Wohl der anderen sowohl als auch des eigenen - wird jetzt von Hume als das eigentliche Kriterium für die Beurteilung moralischer Prinzipien entdeckt und herangezogen.   Biographische Informationen David Hume wird 1711 in Edinburgh geboren. Im Alter von 12 Jahren beginnt er das Studium der antiken Philosophie, Literatur und Jura an der dortigen Universität. 1735 geht Hume für zwei Jahre nach Frankreich, wo Ein Traktat über die menschliche Natur entsteht. Es stellt den ehrgeizigen Versuch dar, die Grundlegung einer umfassenden empirischen Wissenschaft von der Natur des Menschen zu konzipieren. Das Werk findet zeitgenössisch nur wenig Beachtung, was ihn dazu zwingt, als Brotberuf auf Erzieher- und Sekretärsstellen zurückzugreifen. Erst als 1748 die Untersuchung über den menschlichen Verstand erscheint, wird Hume schlagartig zu einem der bekanntesten europäischen Philosophen und mit Locke und Berkeley zu einem Hauptvertreter des klassischen englischem Empirismus. Wieder nach Schottland zurückgekehrt, ermöglicht ihm eine Stelle als Bibliothekar an der Universität von Edinburgh intensive historisch-politische Studien, aus welchen die Geschichte Großbritanniens hervorgeht. 1769 zieht sich Hume aus der Öffentlichkeit zurück, um seine Schriften zu überarbeiten. Er stirbt nach langer Krankheit 1776 in Edinburgh.   Reihe Philosophische Bibliothek - Band 511},
	urldate = {2019-10-14},
	publisher = {Felix Meiner Verlag},
	author = {Hume, David},
	editor = {Kühn, Manfred},
	year = {2003},
	note = {http://ebookcentral.proquest.com/lib/unibern/detail.action?docID=766905},
	keywords = {Ethics.},
}

@misc{wikipedia_eugenik_2018,
	title = {Eugenik},
	copyright = {Creative Commons Attribution-ShareAlike License},
	url = {https://de.wikipedia.org/w/index.php?title=Eugenik&oldid=182990019},
	abstract = {Eugenik (von altgriechisch εὖ eũ ‚gut‘, und γένος génos ‚Geschlecht‘) oder Eugenetik, deutsch auch Erbgesundheitslehre, bezeichnet die Anwendung theoretischer Konzepte bzw. der Erkenntnisse der Humangenetik auf die Bevölkerungs- und Gesundheitspolitik bzw. den Gen-Pool einer Population mit dem Ziel, den Anteil positiv bewerteter Erbanlagen zu vergrößern (positive Eugenik) und den negativ bewerteter Erbanlagen zu verringern (negative Eugenik). Der britische Anthropologe Francis Galton (1822–1911) prägte den Begriff bereits 1869 und 1883 für die Verbesserung der menschlichen Rasse bzw. „die Wissenschaft, die sich mit allen Einflüssen befaßt, welche die angeborenen Eigenschaften einer Rasse verbessern“. Um 1900 entstand auch der Gegenbegriff Dysgenik, der „Lehre von der Akkumulierung und Verbreitung von mangelhaften Genen und Eigenschaften in einer Population, Rasse oder Art“ bedeutet.
Eugenische Betrachtungen waren in der ersten Hälfte des 20. Jahrhunderts weitverbreitet und wurden breit diskutiert. In Großbritannien führten insbesondere der Burenkrieg, bei dem schwerwiegende Probleme aufgrund des Mangels an tauglichen Rekruten, außenpolitischen Bedeutungsverlustängsten und innenpolitischen Degenerationsvorstellungen im Umfeld des ersten unter den Bedingungen der Massendemokratie geführten englischen Krieges zusammenkamen, zur Formierung einer aktiven Eugenikbewegung. Zu den bekannten Vertretern gehören unter anderem Margaret Sanger, Julian Huxley, D. H. Lawrence, George Bernard Shaw, H. G. Wells. Dabei wurde eine aktive und passive Eugenik unterschieden. In der populären gesellschaftspolitischen Diskussion spielen bis heute biologistische Interpretationen der Vererbungslehre sowohl nach Mendel als auch verhaltensorientierter Prägung in der Tradition des Lamarckismus eine wichtige Rolle. Entsprechende Standpunkte fanden in der Gesetzgebung einer Reihe von Industrieländern zu Immigration, Schulpolitik und zum Umgang mit Minderheiten ihren Niederschlag. Die britische Eugenikbewegung stand dabei nach einer langen Periode des Liberalismus für eine aktive Rolle des Staates in diesen Politikfeldern und sprach auch klassische sozialdemokratische Vertreter, so in der Fabian Society, an.Dabei wurde in klassischen Einwandererländern wie Kanada und Australien vor allem der Umgang mit Zuwanderern wie der mit ethnischen Minderheiten unter eugenischen Gesichtspunkten betrachtet. Etliche der damals durchaus als fortschrittlich geltenden Maßnahmen werden heute als rassistisch motiviert empfunden und bedauert. In Japan und Deutschland, beides ehemalige Agrarstaaten mit damals wenigen Einwanderern, die eine rasante Wachstumsphase durchlebten, wurde der Begriff unter dem Schlagwort Rassenhygiene und Blutreinheit (Junketsu 純血 reines bzw. Konketsu 混血 unreines Blut) subsumiert und breit aufgenommen.Die nationalsozialistische Rassenhygiene diente zur Rechtfertigung der Krankenmorde in der Zeit des Nationalsozialismus im Rahmen der „Vernichtung lebensunwerten Lebens“, etwa in der „Aktion T4“ und der „Kinder-Euthanasie“, und zu Menschenversuchen in Konzentrationslagern. In der Nachkriegszeit wurde der Begriff von Laien wie von Fachleuten mit diesen und weiteren Verbrechen im Nationalsozialismus wie auch mit Kriegsverbrechen der japanischen Streitkräfte im Zweiten Weltkrieg, insbesondere durch Einheiten der kaiserlich japanischen Armee, in Verbindung gebracht. Insbesondere in Deutschland wurde Rassenhygiene wie der Eugenikbegriff fortan gemieden.
Ende des 20. Jahrhunderts wurde aufgrund der Fortschritte sowohl in der Genetik als auch der Reproduktionsmedizin die ethische und moralische Bedeutung eugenischer Fragestellungen auch im deutschen Sprachraum erneut breiter diskutiert. Dabei wird der Ausdruck gelegentlich ebenso als Kampfbegriff verwendet. Die nahezu ungebrochene Tradition im englischen Sprachraum hat diese Entwicklung erst später nachvollzogen. Die bedeutende British Eugenics Society wurde 1989 in Galton Institute umbenannt.},
	language = {de},
	urldate = {2018-12-15},
	journal = {Wikipedia},
	author = {{Wikipedia}},
	month = nov,
	year = {2018},
	note = {Page Version ID: 182990019},
}

@misc{oppenheimer_j._1965,
	title = {J. {Robert} {Oppenheimer}: "{I} am become {Death}, the destroyer of worlds." - {YouTube}},
	url = {https://www.youtube.com/watch?v=lb13ynu3Iac},
	urldate = {2018-12-15},
	journal = {Youtube},
	author = {Oppenheimer, J. Robert},
	year = {1965},
}

@misc{egg_einfuhrungskurs_2018,
	address = {Universität Bern},
	title = {Einführungskurs {Wissenschaftsphilosophie}, {Vorlesung} vom 14.12.2018},
	author = {Egg, Matthias},
	month = dec,
	year = {2018},
}

@misc{harry_s._truman_library_&_museum_truman_1946,
	title = {Truman {Library}: {U}. {S}. {Strategic} {Bombing} {Survey}: {The} {Effects} of the {Atomic} {Bombings} of {Hiroshima} and {Nagasaki}, {June} 19, 1946.},
	url = {https://www.trumanlibrary.org/whistlestop/study_collections/bomb/large/documents/index.php?pagenumber=11&documentid=65&documentdate=1946-06-19&studycollectionid=abomb&groupid=},
	urldate = {2018-12-15},
	author = {{Harry S. Truman Library \& Museum}},
	year = {1946},
}

@misc{noauthor_atombombenabwurfe_2018,
	title = {Atombombenabwürfe auf {Hiroshima} und {Nagasaki}},
	copyright = {Creative Commons Attribution-ShareAlike License},
	url = {https://de.wikipedia.org/w/index.php?title=Atombombenabw%C3%BCrfe_auf_Hiroshima_und_Nagasaki&oldid=182920308},
	abstract = {Die US-amerikanischen Atombombenabwürfe auf Hiroshima und Nagasaki am 6. August und 9. August 1945 waren die beiden ersten und bislang einzigen Einsätze von Atomwaffen in einem Krieg. Sechs Tage danach gab Kaiser Hirohito mit der Rede vom 15. August die Beendigung des „Großostasiatischen Krieges“ bekannt. Mit der Kapitulation Japans endete am 2. September der Zweite Weltkrieg auch in Asien, nachdem er in Europa mit der Kapitulation der deutschen Wehrmacht bereits seit dem 8. Mai 1945 vorüber war.
Den Befehl zum Einsatz der neuen Waffe gab US-Präsident Harry S. Truman, Nachfolger des am 12. April 1945 verstorbenen Franklin D. Roosevelt, im Haus Erlenkamp in Potsdam, wo die amerikanische Delegation während der Potsdamer Konferenz Quartier bezogen hatte. Truman, früher Roosevelts Vizepräsident, hatte bis zum Amtsantritt keine Kenntnis vom „Manhattan-Projekt“, der Entwicklung der Atombombe. Das Motiv für den Einsatz der Bomben war, Japan möglichst schnell zur Kapitulation zu bewegen und so den Krieg zu beenden. Einerseits befürchtete Truman, dass die Sowjetunion Forderungen auf japanisches Gebiet stellen würde, andererseits, dass die geplante amerikanische Landung auf den japanischen Hauptinseln viele Opfer unter den US-Soldaten fordern würde. Zum damaligen Zeitpunkt waren noch große Gebiete Asiens von Japan besetzt. Trumans Entscheidung wird noch immer stark und emotional diskutiert.
Die Atombombenexplosionen töteten insgesamt ca. 100.000 Menschen sofort – fast ausschließlich Zivilisten und von der japanischen Armee verschleppte Zwangsarbeiter. An Folgeschäden starben bis Ende 1945 weitere 130.000 Menschen. In den nächsten Jahren kamen etliche hinzu.
Das Gedenken an die Opfer spielt in Japan eine große Rolle in der nationalen Kultur und im nationalen Selbstverständnis. Weltweit wurden Hiroshima und Nagasaki zu Symbolen für die Schrecken des Krieges und vor allem eines möglichen Atomkrieges zu Zeiten des Kalten Krieges.},
	language = {de},
	urldate = {2018-12-15},
	journal = {Wikipedia},
	month = nov,
	year = {2018},
	note = {Page Version ID: 182920308},
}

@book{heisenberg_teil_2013,
	title = {Der {Teil} und das {Ganze}: {Gespräche} im {Umkreis} der {Atomphysik}},
	isbn = {978-3-492-96360-2},
	shorttitle = {Der {Teil} und das {Ganze}},
	abstract = {Der Physiker und Nobelpreisträger Werner Heisenberg (1901–1976) zeichnet in diesen autobiografischen Gesprächen die Stationen seines wechselvollen Lebens nach. Vor dem Hintergrund der Münchner Räterepublik, der nationalsozialistischen Zeit und des Neuanfangs nach 1945 werden seine Beziehungen zu wichtigen Forscherpersönlichkeiten wie Albert Einstein, Max Planck und Carl Friedrich von Weizsäcker lebendig.},
	language = {de},
	publisher = {Piper Verlag},
	author = {Heisenberg, Werner},
	month = apr,
	year = {2013},
	keywords = {Biography \& Autobiography / Science \& Technology, Science / Physics / Atomic \& Molecular, Science / Physics / General},
}

@book{bell_speakable_2004,
	address = {Cambridge ; New York},
	edition = {Revised ed},
	title = {Speakable and unspeakable in quantum mechanics: collected papers on quantum philosophy},
	isbn = {978-0-521-81862-9},
	shorttitle = {Speakable and unspeakable in quantum mechanics},
	publisher = {Cambridge University Press},
	author = {Bell, J. S.},
	year = {2004},
	keywords = {Quantum theory},
}

@misc{egg_einfuhrungskurs_2018-1,
	address = {Universität Bern},
	title = {Einführungskurs {Wissenschaftsphilosophie}, {Vorlesung} vom 23.11.2018},
	author = {Egg, Matthias},
	month = nov,
	year = {2018},
}

@misc{egg_einfuhrungskurs_2018-2,
	address = {Universität Bern},
	title = {Einführungskurs {Wissenschaftsphilosophie}, {Vorlesung} vom 09.11.2018},
	author = {Egg, Matthias},
	month = sep,
	year = {2018},
}

@incollection{van_fraassen_arguments_1998,
	address = {New York},
	title = {Arguments {Concerning} {Scientific} {Realism}},
	booktitle = {Philosophy of {Science}},
	publisher = {W, W, Norton \& Company},
	author = {Van Fraassen, Bas C.},
	year = {1998},
}

@book{curd_philosophy_1998,
	title = {Philosophy of {Science}: {The} {Central} {Issues}},
	isbn = {978-0-393-97175-0},
	shorttitle = {Philosophy of {Science}},
	abstract = {Gathering 49 readings on a variety of topics--science and pseudoscience; rationality, objectivity, and values in science; laws of nature; models of explanation, among others--this anthology introduces students to the often challenging problems examined by major thinkers in the field. Combine this with thoughtful and thorough apparatus, and Philosophy of Science: The Central Issues is the most flexible and comprehensive collection ever created for undergraduate courses.},
	language = {en},
	publisher = {W.W. Norton},
	author = {Curd, Martin and Cover, Jan A.},
	year = {1998},
	note = {Google-Books-ID: 8vttRAAACAAJ},
	keywords = {Philosophy / History \& Surveys / Modern},
}

@book{carl_gustav_hempel_aspects_1965,
	address = {New York},
	title = {Aspects of scientific explanation},
	publisher = {The Free Press},
	author = {{Carl Gustav Hempel}},
	year = {1965},
}

@book{konig_hauptwerke_2013,
	address = {Nürnberg},
	title = {Hauptwerke der {Philosophie}},
	isbn = {978-1-4923-7254-7},
	publisher = {CreateSpace Independent Publishing Platform},
	author = {König, Siegfried},
	year = {2013},
}

@misc{lg_frankfurt_am_main_urteil_2003,
	title = {Urteil vom 28.07.2003},
	url = {https://openjur.de/u/168232.html},
	urldate = {2018-10-04},
	author = {{LG Frankfurt am Main}},
	month = jul,
	year = {2003},
}

@book{aristoteles_nikomachische_nodate,
	title = {Nikomachische {Ethik}},
	author = {{Aristoteles}},
}

@book{timmons_moral_2012,
	title = {Moral {Theory}: {An} {Introduction}},
	isbn = {978-0-7425-6493-0},
	shorttitle = {Moral {Theory}},
	abstract = {Moral Theory: An Introduction explores some of the most historically important and currently debated moral theories about the nature of the right and good. Providing an introduction to moral theory that explains and critically examines the theories of such classical moral philosophers as Aristotle, Aquinas, Kant, Bentham, Mill, and Ross, this book acquaints students with the work of contemporary moral philosophers. All of the book's chapters have been revised in light of recent work in moral theory. The second edition includes a new chapter on ethical egoism, an extensively revised chapter on moral particularism, and expanded coverage of divine command theory, moral relativism, and consequentialism. Additionally, this edition discusses recent work by moral psychologists that is making an impact on moral theory.},
	language = {en},
	publisher = {Rowman \& Littlefield Publishers},
	author = {Timmons, Mark},
	month = nov,
	year = {2012},
	keywords = {Philosophy / Ethics \& Moral Philosophy},
}

@misc{noauthor_daschner-prozess_2018,
	title = {Daschner-{Prozess}},
	copyright = {Creative Commons Attribution-ShareAlike License},
	url = {https://de.wikipedia.org/w/index.php?title=Daschner-Prozess&oldid=179798410},
	abstract = {Unter dem Namen Daschner-Prozess ist ein Strafprozess vor der 27. Großen Strafkammer des Frankfurter Landgerichts bekannt geworden, der gegen den ehemaligen stellvertretenden Frankfurter Polizeipräsidenten Wolfgang Daschner wegen des Verdachts auf Verleitung eines Untergebenen zu einer Straftat sowie gegen den mitangeklagten Kriminalhauptkommissar Ortwin Ennigkeit wegen des Verdachts auf Nötigung im Amt geführt wurde. Das Verfahren endete am 20. Dezember 2004 mit einem Schuldspruch gegen die beiden Angeklagten. Das Gericht setzte eine Geldstrafe von 90 Tagessätzen zu je 120 Euro (insgesamt 10.800 Euro) gegen Daschner und eine von 60 Tagessätzen zu je 60 Euro (insgesamt 3.600 Euro) gegen Ennigkeit fest, verwarnte beide und setzte eine Bewährungszeit von einem Jahr fest. Sowohl Staatsanwaltschaft als auch Verteidigung verzichteten auf Rechtsmittel gegen das Urteil, sodass es nach Verkündung rechtskräftig wurde.
Der Fall Daschner hat in der deutschen Öffentlichkeit zu Debatten über die Zulässigkeit von staatlicher Gewaltandrohung und -anwendung zur Aussageerzwingung in Strafverfahren bei bestimmten Dilemmata (die sogenannte Rettungsfolter) geführt.},
	language = {de},
	urldate = {2018-09-29},
	journal = {Wikipedia},
	month = aug,
	year = {2018},
}

@book{hoffe_einfuhrung_2013,
	title = {Einführung in die utilitaristische {Ethik}: {Klassische} und zeitgenössische {Texte}},
	isbn = {978-3-8252-3985-5},
	shorttitle = {Einführung in die utilitaristische {Ethik}},
	abstract = {Der Utilitarismus ist seit Jeremy Bentham (1748-1832) und John Stuart Mill (1806-1873) eine der einflussreichen und lebhaft diskutierten ethischen Theorien. Seine Bedeutung für die Moralphilosophie und für die philosophische Grundlegung der Rechts, Sozial- und Wirtschaftswissenschaften reicht weit über den englischen Sprachraum hinaus. Die wichtigsten klassischen und zeitgenössischen Texte des Utilitarismus werden dem deutschsprachigen Leser hier zugänglich gemacht. Zusammen mit der instruktiven und kritischen Einleitung des Herausgebers, die auch neue Entwicklungen berücksichtigt, bietet die Textsammlung Philosophen, Theologen, Politologen, Nationalökonomen, Juristen und allen an moralphilosophischen Fragen Interessierten eine umfassende Einführung.},
	language = {de},
	publisher = {UTB},
	author = {Höffe, Otfried},
	month = jun,
	year = {2013},
	keywords = {Philosophy / General},
}

@book{kant_grundlegung_1786-1,
	address = {Riga},
	title = {Grundlegung zur {Metaphysik} der {Sitten}},
	shorttitle = {{GMS}},
	language = {de},
	publisher = {J. F. Hartknoch},
	author = {Kant, Immanuel},
	year = {1786},
}

@misc{wagner_fall_2012,
	title = {Der {Fall} {Jakob} von {Metzler}},
	language = {Deutsch},
	author = {Wagner, Stephan},
	year = {2012},
}

@misc{engel_jakob_2008,
	title = {Jakob von {Metzler} {Tod} eines {Bankiersohns}},
	url = {https://www.youtube.com/watch?v=QjZ--mSybJ8},
	language = {de},
	urldate = {2018-09-29},
	journal = {Die großen Kriminalfälle:},
	publisher = {Hessischer Rundfunk},
	author = {Engel, Philipp},
	year = {2008},
}

@misc{wiens_schriftliche_2005,
	title = {Schriftliche {Urteilsgründe} in der {Strafsache} gegen {Wolfgang} {Daschner}},
	language = {Deutsch},
	author = {Wiens, Klaus},
	month = feb,
	year = {2005},
}

@incollection{kant_uber_nodate,
	address = {Berlin},
	title = {Über ein vermeintes {Recht}, aus {Menschenliebe} zu lügen},
	shorttitle = {{VRML}},
	booktitle = {Gesammelte {Schriften}},
	publisher = {Preussische Akademie  der Wissenschaften},
	author = {Kant, Immanuel},
}

@book{kant_grundlegung_1786-2,
	address = {Riga},
	title = {Grundlegung zur {Metaphysik} der {Sitten}},
	shorttitle = {{GMS}},
	language = {de},
	publisher = {J. F. Hartknoch},
	author = {Kant, Immanuel},
	year = {1786},
}

@book{kant_religion_2003,
	address = {Berlin},
	edition = {Studienausg., Nachdr. der Ausg. 1968},
	series = {Kants {Werke}},
	title = {Die {Religion} innerhalb der {Grenzen} der bloßen {Vernunft}. {Die} {Metaphysik} der {Sitten}},
	isbn = {978-3-11-001439-6},
	shorttitle = {{MS}},
	language = {ger},
	number = {Akademie-Textausgabe ; Bd. 6},
	publisher = {de Gruyter},
	author = {Kant, Immanuel},
	year = {2003},
	note = {OCLC: 249588086},
}

@book{kant_metaphysik_2014,
	address = {Frankfurt am Main},
	edition = {17. Auflage},
	series = {Werkausgabe},
	title = {Die {Metaphysik} der {Sitten}},
	isbn = {978-3-518-27790-4},
	shorttitle = {{MS}},
	language = {ger},
	number = {in 12 Bänden / Immanuel Kant. Hrsg. von Wilhelm Weischedel ; 8},
	publisher = {Suhrkamp},
	author = {Kant, Immanuel and Weischedel, Wilhelm and Kant, Immanuel},
	year = {2014},
	note = {OCLC: 916304269},
}

@book{kant_immanuel_1838,
	title = {Immanuel {Kant}'s {Werke}},
	language = {de},
	publisher = {Modes und Baumann},
	author = {Kant, Immanuel},
	year = {1838},
	note = {Google-Books-ID: rUIVAAAAYAAJ},
}

@article{korsgaard_right_1986,
	title = {The {Right} to {Lie}: {Kant} on {Dealing} with {Evil}},
	volume = {15},
	issn = {0048-3915},
	shorttitle = {The {Right} to {Lie}},
	url = {https://www.jstor.org/stable/2265252},
	number = {4},
	urldate = {2018-09-10},
	journal = {Philosophy \& Public Affairs},
	author = {Korsgaard, Christine M.},
	year = {1986},
	pages = {325--349},
}

@misc{philosophy_tube_is_nodate,
	title = {Is it {Ever} {Okay} to {Lie}? {\textbar} {Philosophy} {Tube}},
	shorttitle = {Is it {Ever} {Okay} to {Lie}?},
	url = {https://www.youtube.com/watch?v=u1Q4d8AubIY},
	urldate = {2018-09-10},
	author = {{Philosophy Tube}},
	keywords = {autistic, ethics, fake news, kant, lying, morality, philosophy},
}

@misc{musk_elon_2016,
	title = {Elon {Musk} {\textbar} {Full} interview {\textbar} {Code} {Conference} 2016},
	url = {https://www.youtube.com/watch?v=wsixsRI-Sz4},
	urldate = {2018-08-31},
	author = {Musk, Elon},
	year = {2016},
	keywords = {3d, ai, artificial intelligence, augmented reality, code conference, conferences, digital super intelligence, elon musk, google, intelligent assistance, interview, is life real, non-profit, open ai, pong, recode, robots, simulation, siri, spacex, tesla, video game, vox media, what is life},
}

@book{pfeifer_how_2006,
	title = {How the {Body} {Shapes} the {Way} {We} {Think}: {A} {New} {View} of {Intelligence}},
	isbn = {978-0-262-28852-1},
	shorttitle = {How the {Body} {Shapes} the {Way} {We} {Think}},
	abstract = {An exploration of embodied intelligence and its implications points toward a theory of intelligence in general; with case studies of intelligent systems in ubiquitous computing, business and management, human memory, and robotics.How could the body influence our thinking when it seems obvious that the brain controls the body? In How the Body Shapes the Way We Think, Rolf Pfeifer and Josh Bongard demonstrate that thought is not independent of the body but is tightly constrained, and at the same time enabled, by it. They argue that the kinds of thoughts we are capable of have their foundation in our embodiment—in our morphology and the material properties of our bodies.This crucial notion of embodiment underlies fundamental changes in the field of artificial intelligence over the past two decades, and Pfeifer and Bongard use the basic methodology of artificial intelligence—"understanding by building"—to describe their insights. If we understand how to design and build intelligent systems, they reason, we will better understand intelligence in general. In accessible, nontechnical language, and using many examples, they introduce the basic concepts by building on recent developments in robotics, biology, neuroscience, and psychology to outline a possible theory of intelligence. They illustrate applications of such a theory in ubiquitous computing, business and management, and the psychology of human memory. Embodied intelligence, as described by Pfeifer and Bongard, has important implications for our understanding of both natural and artificial intelligence.},
	language = {en},
	publisher = {MIT Press},
	author = {Pfeifer, Rolf and Bongard, Josh},
	month = oct,
	year = {2006},
	keywords = {Computers / Intelligence (AI) \& Semantics},
}

@misc{musk_china_2017,
	type = {Tweet},
	title = {China, {Russia}, soon all countries w strong computer science. {Competition} for {AI} superiority at national level most likely cause of {WW3} imo.},
	url = {https://twitter.com/elonmusk/status/904638455761612800},
	language = {en},
	urldate = {2018-08-31},
	journal = {@elonmusk},
	author = {Musk, Elon},
	month = sep,
	year = {2017},
}

@book{marshall_men_1947,
	address = {Washington, New York},
	title = {Men against fire : the problem of battle command in future war},
	shorttitle = {Men against fire},
	publisher = {The Infantry Journal, Morrow},
	author = {Marshall, Samuel Lyman Atwood},
	year = {1947},
}

@misc{nzz_standpunkte_rolf_2012,
	title = {Rolf {Pfeifer} {\textbar} {Von} {Robotern} und künstlicher {Intelligenz} ({NZZ} {Standpunkte} 2012)},
	url = {https://www.youtube.com/watch?v=g7npe8g-3Cc},
	urldate = {2018-08-24},
	author = {{NZZ Standpunkte}},
	year = {2012},
	keywords = {AI Lab, Artificial Intelligence, Computerwissenschaften, Designing Intelligence, ETH Zürich, Institut für Informatik, Institut für künstliche Intelligenz, Intelligence, Intelligenz, Labor für künstliche Intelligenz, MIT, PLAY\_WIS, Robot, Roboter, Rolf Pfeifer, Science Fiction, UZH, Understanding Intelligence, Universität Zürich, iq test, künstliche Intelligenz},
}

@book{searle_minds_1984,
	title = {Minds, {Brains} and {Science}},
	isbn = {978-0-674-57633-9},
	abstract = {Minds, Brains and Science takes up just the problems that perplex people, and it does what good philosophy always does: it dispels the illusion caused by the specious collision of truths. How do we reconcile common sense and science? John Searle argues vigorously that the truths of common sense and the truths of science are both right and that the only question is how to fit them together. Searle explains how we can reconcile an intuitive view of ourselves as conscious, free, rational agents with a universe that science tells us consists of mindless physical particles. He briskly and lucidly sets out his arguments against the familiar positions in the philosophy of mind, and details the consequences of his ideas for the mind-body problem, artificial intelligence, cognitive science, questions of action and free will, and the philosophy of the social sciences.},
	language = {en},
	publisher = {Harvard University Press},
	author = {Searle, John R.},
	year = {1984},
	keywords = {Philosophy / General, Philosophy / Mind \& Body, Philosophy / Movements / Humanism},
}

@misc{nerdwaerts.de_vortrag_nodate,
	title = {Vortrag {Künstliche} {Intelligenz} und {Industrie} 4 0 {Andreas} {Wagener} {Hochschule} {Hof}},
	url = {https://www.youtube.com/watch?v=_kfXmqJevFs},
	urldate = {2018-08-22},
	author = {{Nerdwaerts.de}},
	keywords = {AI, Andreas Wagener, Artificial Intelligence, Big Data, Chat Bots, Data Economy, Datenökonomie, Digitale Wirtschaft, Digitale Ökonomie, Digitalisierung, Hochschule Hof, Hof University, I40, IIoT, Industrial Internet of Things, Industrie 4.0, Industry40, Internet der Dinge, Internet of Things, IoT, KI, Künstliche Intelligenz, Nerdwaerts.de, Nerdwärts, Platform Economy, Plattformökonomie, Predictive Analytics, Smart Data, Targeting, Wirtschaft 4.0, eCommerce},
}

@book{richard_david_precht_kunst_2012,
	title = {Die {Kunst}, kein {Egoist} zu sein warum wir gerne gut sein wollen und was uns davon abhält},
	isbn = {978-3-442-15631-3},
	publisher = {Goldmann},
	author = {{Richard David Precht}},
	year = {2012},
}

@book{campbell_language_2008,
	address = {Cambridge, UK ; New York},
	title = {Language classification: history and method},
	isbn = {978-0-521-88005-3},
	shorttitle = {Language classification},
	publisher = {Cambridge University Press},
	author = {Campbell, Lyle and Poser, William John},
	year = {2008},
	note = {OCLC: ocn182963187},
	keywords = {Classification, Comparative linguistics, Language and languages},
}

@book{pereltsvaig_languages_2012,
	address = {Cambridge ; New York},
	title = {Languages of the world: an introduction},
	isbn = {978-1-107-00278-4},
	shorttitle = {Languages of the world},
	abstract = {"What do all human languages have in common and in what ways are they different? How can language be used to trace different peoples and their past? Are certain languages similar because of common descent or language contact? Assuming no prior knowledge of linguistics, this textbook introduces readers to the rich diversity of human languages, familiarizing students with the variety and typology of languages around the world. Linguistic terms and concepts are explained, in the text and in the glossary, and illustrated with simple, accessible examples. Eighteen language maps and numerous language family charts enable students to place a language geographically or genealogically. A supporting website includes additional language maps and sound recordings that can be used to illustrate the peculiarities of the sound systems of various languages. 'Test yourself' questions throughout the book make it easier for students to analyze data from unfamiliar languages"--},
	publisher = {Cambridge University Press},
	author = {Pereltsvaig, Asya},
	year = {2012},
	keywords = {LANGUAGE ARTS \& DISCIPLINES / General, Language and languages, Multilingualism, Study and teaching},
}

@misc{pereltsvaig_altaic_2014,
	title = {The {Altaic} {Family} {Controversy}},
	url = {http://www.languagesoftheworld.info/language-families/altaic-family-controversy.html},
	abstract = {[This post was originally published in March 2012] An earlier post described the less commonly spoken indigenous Siberian languages and suggested that they elude easy familial classification. The other languages of Siberia fall into three separate language families: Turkic, Mongolic, and Tungusic. It has been hypothesized that these three families can be grouped together into …},
	language = {en-US},
	urldate = {2018-06-19},
	journal = {Languages Of The World},
	author = {Pereltsvaig, Asya},
	month = oct,
	year = {2014},
}

@book{doerfer_grundwort_1988,
	address = {Stuttgart},
	series = {Muenchener {Ostasiatische} {Studien}},
	title = {Grundwort und {Sprachmischung} : eine {Untersuchung} an {Hand} von {Körperteilbezeichnungen}},
	isbn = {978-3-515-05078-4},
	shorttitle = {Grundwort und {Sprachmischung}},
	publisher = {F. Steiner},
	author = {Doerfer, Gerhard},
	year = {1988},
}

@article{georg_telling_1999,
	title = {Telling general linguists about {Altaic}},
	volume = {35},
	issn = {1469-7742, 0022-2267},
	url = {https://www.cambridge.org/core/journals/journal-of-linguistics/article/telling-general-linguists-about-altaic/4062C2C55ABDE1D32E08D74FA26A6330#},
	abstract = {The hypothesis of an Altaic language family, comprising the Turkic, Mongolic,
Tungusic, Korean and, in most recent versions, Japanese languages continues to be
a viable linguistic proposal, despite various published claims that it is no longer
accepted. A strong body of research continues to appear, developing and refining the
hypothesis, along with publications that argue against a demonstrated relationship
among these languages. This paper shows that many of the arguments against a
genetic relationship fail to address the criteria demanded in modern historical
linguistics, while many of the responses from proponents of the Altaic theory have
failed to address the criticisms raised. We hope that arguments focusing on the real
issues of phonological correspondences and morphological systems will shed greater
light on the relationship among these languages.},
	language = {en},
	number = {1},
	urldate = {2018-06-18},
	journal = {Journal of Linguistics},
	author = {Georg, Stefan and Michalove, Peter A. and Ramer, Alexis Manaster and Sidwell, Paul J.},
	month = mar,
	year = {1999},
	pages = {65--98},
}

@article{ligeti_rezension_1955,
	title = {Rezension zu {G}.{D}. {Sanžeev}, {Sravnitel}'naja grammatika mongol´skix jazylov.},
	number = {5},
	author = {Ligeti, Louis},
	year = {1955},
	pages = {133--140},
}

@techreport{noauthor_rezension_nodate,
	title = {Rezension zu {G}.{D}. {Sanžeev}, {Sravnitel}'naja grammatika mongol´skix jazylov. {T}. 1. {Voprosy} jazykoznanija},
}

@misc{pereltsvaig_altaic_2011,
	title = {The {Altaic} family controversy},
	url = {http://www.languagesoftheworld.info/language-families/the-altaic-family-controversy.html},
	abstract = {So now that we’ve been introduced to the three language groupings that are hypothesized to constitute the core of the proposed Altaic language family — Turkic, Mongolic and Tungusic languages — we can consider the evidence for and against the Altaic family proposal. The evidence for the common descent of Altaic languages, as with other …},
	language = {en-US},
	urldate = {2018-06-12},
	journal = {Languages Of The World},
	author = {Pereltsvaig, Asya},
	month = feb,
	year = {2011},
}

@book{poppe_introduction_1965,
	address = {Wiesbaden},
	title = {Introduction to {Altaic} linguistics},
	publisher = {Harrassowitz Verlag},
	author = {Poppe, Nicholas},
	year = {1965},
}

@book{poppe_vergleichende_1960,
	address = {Wiesbaden},
	series = {Vergleichende {Lautlehre}},
	title = {Vergleichende {Grammatik} der altaischen {Sprachen}},
	volume = {1},
	publisher = {Harrassowitz Verlag},
	author = {Poppe, Nikolaus},
	year = {1960},
}

@book{starostin_etymological_2003,
	address = {Leiden ; Boston},
	series = {Handbook of {Oriental} studies = {Handbuch} der {Orientalistik}. {Section} eight, {Central} {Asia}},
	title = {Etymological dictionary of the {Altaic} languages},
	isbn = {978-90-04-13153-8 978-90-04-13290-0 978-90-04-13291-7 978-90-04-13292-4},
	number = {8},
	publisher = {Brill},
	author = {Starostin, S. A. and Dybo, A. V. and Mudrak, O. A.},
	year = {2003},
	keywords = {Altaic languages, Dictionaries, Etymology},
}

@book{kempf_studies_2013,
	address = {Wiesbaden},
	series = {Turcologica},
	title = {Studies in {Mongolic} historical morphology: verb formation in the {Secret} {History} of the {Mongols}},
	isbn = {978-3-447-06895-6},
	shorttitle = {Studies in {Mongolic} historical morphology},
	number = {Bd. 95},
	publisher = {Harrassowitz Verlag},
	author = {Kempf, Béla},
	year = {2013},
	note = {OCLC: ocn839249939},
	keywords = {Mongolian language, Morphology, Morphology History, Suffixes and prefixes, Verb, Word formation},
}
